
   <record>
      <leader>00000nz  a2200000nc 4500</leader>
      <controlfield tag="001">institutions/30005987</controlfield>
      <controlfield tag="003">DE-633</controlfield>
      <controlfield tag="005">20250620052043.0</controlfield>
      <controlfield tag="008">161109||||z|||a|||||||||||||||||n||||||d</controlfield>
      <datafield tag="024" ind1="7" ind2=" ">
         <subfield code="a">GR-AOka</subfield>
         <subfield code="q">siglum</subfield>
         <subfield code="2">rism</subfield>
      </datafield>
      <datafield tag="034" ind1="1" ind2=" ">
         <subfield code="d">24.309543</subfield>
         <subfield code="f">40.223903</subfield>
      </datafield>
      <datafield tag="040" ind1=" " ind2=" ">
         <subfield code="a">DE-633</subfield>
         <subfield code="c">DE-633</subfield>
         <subfield code="e">rismg</subfield>
      </datafield>
      <datafield tag="043" ind1=" " ind2=" ">
         <subfield code="c">XA-GR</subfield>
      </datafield>
      <datafield tag="110" ind1="1" ind2=" ">
         <subfield code="a">Monē Karakálou</subfield>
         <subfield code="c">Haghion Oros</subfield>
         <subfield code="g">GR-AOka</subfield>
      </datafield>
      <datafield tag="368" ind1=" " ind2=" ">
         <subfield code="a">Other</subfield>
         <subfield code="b">Mount Athos</subfield>
      </datafield>
      <datafield tag="371" ind1=" " ind2=" ">
         <subfield code="c">Mount Athos, Halkidiki</subfield>
         <subfield code="d">Greece</subfield>
         <subfield code="e">63086</subfield>
      </datafield>
      <datafield tag="510" ind1="2" ind2=" ">
         <subfield code="a">Μονή Καρακάλου</subfield>
      </datafield>
      <datafield tag="510" ind1="2" ind2=" ">
         <subfield code="a">Monastery of Karakalou</subfield>
      </datafield>
      <datafield tag="551" ind1="1" ind2=" ">
         <subfield code="a">Haghion Oros</subfield>
         <subfield code="0">places/3903794</subfield>
      </datafield>
      <datafield tag="670" ind1="1" ind2=" ">
         <subfield code="a">RatliffD 2017</subfield>
         <subfield code="0">publications/41002158</subfield>
      </datafield>
      <datafield tag="678" ind1="1" ind2=" ">
         <subfield code="a">The monastery is situated between the monasteries of Great Lavra and Iviron, on a slope by the sea and is dedicated to St Peter and St Paul. Inside the fortified enclosure, there is the Katholikon of athonite type, built in mid 16th c. and decorated with frescoes in the early 18th c. The monastery has 7 chapels, 4 Kellia in Karyes, and 14 Kellia in the forest to the S.W. of it. The monastery is mentioned in documents of 1018 and 1087. In the 13th c. the monastery is entirely ruined and rebuilt by the emperors Andronic II and Ioannis V Paleologos. Afterwards the monastery is attacked by Latins and pirates. In the 16th c. it is completely destroyed and rebuilt with the financial aid of rulers of Moldavia and Vlachia. In the monastery, there are many portable icons, holy heirlooms and ecclesiastical vessels. The library contains 279 manuscripts, among them several music ones, and about 2,500 books.</subfield>
      </datafield>
      <datafield tag="856" ind1="1" ind2=" ">
         <subfield code="u">https://search.lib.auth.gr/Record/499808</subfield>
         <subfield code="z">Aristotle University of Thessaloniki, Library catalog</subfield>
      </datafield>
      <datafield tag="856" ind1="1" ind2=" ">
         <subfield code="u">https://search.lib.auth.gr/Record/1001286</subfield>
         <subfield code="z">Aristotle University of Thessaloniki, Library catalog</subfield>
      </datafield>
   </record>