
   <record>
      <leader>00000nz  a2200000nc 4500</leader>
      <controlfield tag="001">institutions/30003401</controlfield>
      <controlfield tag="003">DE-633</controlfield>
      <controlfield tag="005">20250620052021.0</controlfield>
      <controlfield tag="008">161109||||z|||a|||||||||||||||||n||||||d</controlfield>
      <datafield tag="024" ind1="7" ind2=" ">
         <subfield code="a">GR-AOmch</subfield>
         <subfield code="q">siglum</subfield>
         <subfield code="2">rism</subfield>
      </datafield>
      <datafield tag="034" ind1="1" ind2=" ">
         <subfield code="d">24.120668295446755</subfield>
         <subfield code="f">40.34016398102185</subfield>
      </datafield>
      <datafield tag="040" ind1=" " ind2=" ">
         <subfield code="a">DE-633</subfield>
         <subfield code="c">DE-633</subfield>
         <subfield code="e">rismg</subfield>
      </datafield>
      <datafield tag="043" ind1=" " ind2=" ">
         <subfield code="c">XA-GR</subfield>
      </datafield>
      <datafield tag="110" ind1="1" ind2=" ">
         <subfield code="a">Monē Chilandariou</subfield>
         <subfield code="c">Aghion Oros</subfield>
         <subfield code="g">GR-AOmch</subfield>
      </datafield>
      <datafield tag="368" ind1=" " ind2=" ">
         <subfield code="a">Library</subfield>
      </datafield>
      <datafield tag="368" ind1=" " ind2=" ">
         <subfield code="a">Institution</subfield>
      </datafield>
      <datafield tag="410" ind1=" " ind2=" ">
         <subfield code="a">Serbian Monastery</subfield>
      </datafield>
      <datafield tag="510" ind1="2" ind2=" ">
         <subfield code="a">Monastery of Chilandari</subfield>
      </datafield>
      <datafield tag="551" ind1="1" ind2=" ">
         <subfield code="a">Haghion Oros</subfield>
         <subfield code="0">places/3903794</subfield>
      </datafield>
      <datafield tag="670" ind1="1" ind2=" ">
         <subfield code="a">RatliffD 2017</subfield>
         <subfield code="u">https://www.eeme.gr/images/stories/documents/dkoniari/Bazmadelis_2017_DirE_book.pdf</subfield>
         <subfield code="0">publications/41002158</subfield>
      </datafield>
      <datafield tag="670" ind1="1" ind2=" ">
         <subfield code="a">StathēsM 1975</subfield>
         <subfield code="0">publications/41002201</subfield>
      </datafield>
      <datafield tag="678" ind1="1" ind2=" ">
         <subfield code="a">The Holy Monastery of Chilandari stands on the north-eastern side of Athos. Some maintain that its name comes in all probability from the founder of an older monastic house on the site, while others derive the name from the word 'chelandion' - a kind of Byzantine ship. Monastery was founded in the 12th century by Stefan Nemanja, Prince of Serbia, and his son Rastko, who subsequently became monks, taking the names of Symeon and Sabbas. In 1198, the Serbian possession of the Monastery was ratified by a chrysobull of the Emperor Alexius III. Gradually many other smaller historic monasteries, such as those of Zygou, of St Basil, of Komitissas, of Kalyka, of Paparnikion, of Omologetou, and of Strovilaias were annexed and included within the boundaries of Chilandari's property.The library contains 181 Greek and 809 Slavonic codices (incl music mss), at least 20,000 printed books, many of them of byzantine music, of which 3,000 are in Greek, as well as 400 documents, in various languages.</subfield>
      </datafield>
      <datafield tag="680" ind1="1" ind2=" ">
         <subfield code="a">The former RISM library siglum was GR-AOse.</subfield>
      </datafield>
   </record>