
   <record>
      <leader>00000nz  a2200000nc 4500</leader>
      <controlfield tag="001">institutions/30003399</controlfield>
      <controlfield tag="003">DE-633</controlfield>
      <controlfield tag="005">20250620052021.0</controlfield>
      <controlfield tag="008">161109||||z|||a|||||||||||||||||n||||||d</controlfield>
      <datafield tag="024" ind1="7" ind2=" ">
         <subfield code="a">GR-AOmml</subfield>
         <subfield code="q">siglum</subfield>
         <subfield code="2">rism</subfield>
      </datafield>
      <datafield tag="034" ind1="1" ind2=" ">
         <subfield code="d">24.3889995846569</subfield>
         <subfield code="f">40.17178086605948</subfield>
      </datafield>
      <datafield tag="040" ind1=" " ind2=" ">
         <subfield code="a">DE-633</subfield>
         <subfield code="c">DE-633</subfield>
         <subfield code="e">rismg</subfield>
      </datafield>
      <datafield tag="043" ind1=" " ind2=" ">
         <subfield code="c">XA-GR</subfield>
      </datafield>
      <datafield tag="110" ind1="1" ind2=" ">
         <subfield code="a">Monē Megistis Lávras</subfield>
         <subfield code="c">Haghion Oros</subfield>
         <subfield code="g">GR-AOmml</subfield>
      </datafield>
      <datafield tag="368" ind1=" " ind2=" ">
         <subfield code="a">Library</subfield>
      </datafield>
      <datafield tag="368" ind1=" " ind2=" ">
         <subfield code="a">Institution</subfield>
      </datafield>
      <datafield tag="410" ind1=" " ind2=" ">
         <subfield code="a">Monastery of Greatest Lavra</subfield>
      </datafield>
      <datafield tag="551" ind1="1" ind2=" ">
         <subfield code="a">Haghion Oros</subfield>
         <subfield code="0">places/3903794</subfield>
      </datafield>
      <datafield tag="670" ind1="1" ind2=" ">
         <subfield code="a">RatliffD 2017</subfield>
         <subfield code="0">publications/41002158</subfield>
      </datafield>
      <datafield tag="670" ind1="1" ind2=" ">
         <subfield code="a">KalokyrēsA 1963</subfield>
         <subfield code="0">publications/41002197</subfield>
      </datafield>
      <datafield tag="670" ind1="1" ind2=" ">
         <subfield code="a">StathēsM 1975</subfield>
         <subfield code="u">https://www.eeme.gr/images/stories/documents/dkoniari/Bazmadelis_2017_DirE_book.pdf</subfield>
         <subfield code="0">publications/41002201</subfield>
      </datafield>
      <datafield tag="678" ind1="1" ind2=" ">
         <subfield code="a">The Greatest Lavra is the oldest monastery on the Holy Mountain. It was founded in 963 by St. Athanasius the Athonite, who received financial assistance from the emperors Nicephorus Phocas and John Tzimisces for its construction. Its library houses the largest manuscripts collection than any other Monastery in Mt Athos,  2,242 in all, dating back as far as the tenth century and including a hundred in Slavonic  One of the oldest is a parchment Gospel book (992) written in minuscule, adorned with eleven arch-framed decorative designs showing the concordance of the Gospels. A good collection of early prints is housed in the Library,  220 Byzantine music MSS, rare books on Byzantine music.</subfield>
      </datafield>
      <datafield tag="680" ind1="1" ind2=" ">
         <subfield code="a">The former RISM library siglum was GR-AOml.</subfield>
      </datafield>
      <datafield tag="680" ind1="1" ind2=" ">
         <subfield code="a">Σκλαβενίτης,Τριαντάφυλλος Ε.  Η Βιβλιοθήκη Εντύπων της Μονής Μεγίστης Λαύρας του Άθω. Μνήμων, 11, 83–122 (2003). https://doi.org/10.12681/mnimon.129</subfield>
      </datafield>
   </record>