
   <record>
      <leader>00000nz  a2200000nc 4500</leader>
      <controlfield tag="001">institutions/30005989</controlfield>
      <controlfield tag="003">DE-633</controlfield>
      <controlfield tag="005">20250620052043.0</controlfield>
      <controlfield tag="008">161109||||z|||a|||||||||||||||||n||||||d</controlfield>
      <datafield tag="024" ind1="7" ind2=" ">
         <subfield code="a">GR-AOmst</subfield>
         <subfield code="q">siglum</subfield>
         <subfield code="2">rism</subfield>
      </datafield>
      <datafield tag="034" ind1="1" ind2=" ">
         <subfield code="d">24.277239</subfield>
         <subfield code="f">40.268088</subfield>
      </datafield>
      <datafield tag="040" ind1=" " ind2=" ">
         <subfield code="a">DE-633</subfield>
         <subfield code="c">DE-633</subfield>
         <subfield code="e">rismg</subfield>
      </datafield>
      <datafield tag="043" ind1=" " ind2=" ">
         <subfield code="c">XA-GR</subfield>
      </datafield>
      <datafield tag="110" ind1="1" ind2=" ">
         <subfield code="a">Monē Stavonikēta</subfield>
         <subfield code="c">Haghion Oros</subfield>
         <subfield code="g">GR-AOmst</subfield>
      </datafield>
      <datafield tag="368" ind1=" " ind2=" ">
         <subfield code="a">Other</subfield>
      </datafield>
      <datafield tag="371" ind1=" " ind2=" ">
         <subfield code="c">Mount Athos</subfield>
         <subfield code="d">Greece</subfield>
         <subfield code="e">63086</subfield>
      </datafield>
      <datafield tag="410" ind1=" " ind2=" ">
         <subfield code="a">Monastery of Stavroniketa</subfield>
      </datafield>
      <datafield tag="551" ind1="1" ind2=" ">
         <subfield code="a">Haghion Oros</subfield>
         <subfield code="0">places/3903794</subfield>
      </datafield>
      <datafield tag="670" ind1="1" ind2=" ">
         <subfield code="a">RatliffD 2017</subfield>
         <subfield code="0">publications/41002158</subfield>
      </datafield>
      <datafield tag="670" ind1="1" ind2=" ">
         <subfield code="a">KalokyrēsA 1963</subfield>
         <subfield code="0">publications/41002197</subfield>
      </datafield>
      <datafield tag="670" ind1="1" ind2=" ">
         <subfield code="a">RichardR 1958</subfield>
         <subfield code="0">publications/41002199</subfield>
      </datafield>
      <datafield tag="670" ind1="1" ind2=" ">
         <subfield code="a">RichardR 1995</subfield>
         <subfield code="0">publications/41002200</subfield>
      </datafield>
      <datafield tag="670" ind1="1" ind2=" ">
         <subfield code="a">StathēsM 1975</subfield>
         <subfield code="0">publications/41002201</subfield>
      </datafield>
      <datafield tag="670" ind1="1" ind2=" ">
         <subfield code="a">KokkinēsM 1999</subfield>
         <subfield code="0">publications/50006977</subfield>
      </datafield>
      <datafield tag="670" ind1="1" ind2=" ">
         <subfield code="a">KadasM 2015</subfield>
         <subfield code="0">publications/50007013</subfield>
      </datafield>
      <datafield tag="678" ind1="1" ind2=" ">
         <subfield code="a">Stavronikita is the smallest of all athonite monasteries. The catholicon of the monastery is dedicated to Saint Nicholas and is the smallest catholicon among its other athonite counterparts. It was built during the 16th century and is decorated with frescoes and an iconostasis by the famous icon-painter Theophanes of Crete and his son Symeon. The monastery's refectory is located on the upper floor at the southern side of the complex and bears some important iconographies. The Library and the treasury houses a collection of 171 manuscripts, out of which 58 are written on parchment. Some of the manuscripts bear notable iconography and decoration. Byzantine music mss, among them of Synesios Stavronikitianos and Matthaios Vatopaidinos.  Books on byzantine music of the 19th century.</subfield>
      </datafield>
      <datafield tag="680" ind1="1" ind2=" ">
         <subfield code="a">The former RISM library siglum was GR-AOsta.</subfield>
      </datafield>
      <datafield tag="680" ind1="1" ind2=" ">
         <subfield code="a">Μαυροπούλου-Τσιούμη, Χρυσάνθη , Γαλαβάρης, Γιώργος. Holy Stavroniketa Monastery: Illustrated Manuscripts From 10th to 17th Century = Ιερά Μονή Σταυρονικήτα : εικονογραφημένα χειρόγραφα από τον 10o έως τον 17o αιώνα. Mount Athos: Holy Stavroniketa Monastery, 2007.</subfield>
      </datafield>
   </record>