
   <record>
      <leader>00000nz  a2200000nc 4500</leader>
      <controlfield tag="001">institutions/30005983</controlfield>
      <controlfield tag="003">DE-633</controlfield>
      <controlfield tag="005">20250620052043.0</controlfield>
      <controlfield tag="008">161109||||z|||a|||||||||||||||||n||||||d</controlfield>
      <datafield tag="024" ind1="7" ind2=" ">
         <subfield code="a">GR-AOxp</subfield>
         <subfield code="q">siglum</subfield>
         <subfield code="2">rism</subfield>
      </datafield>
      <datafield tag="040" ind1=" " ind2=" ">
         <subfield code="a">DE-633</subfield>
         <subfield code="c">DE-633</subfield>
         <subfield code="e">rismg</subfield>
      </datafield>
      <datafield tag="043" ind1=" " ind2=" ">
         <subfield code="c">XA-GR</subfield>
      </datafield>
      <datafield tag="110" ind1="1" ind2=" ">
         <subfield code="a">Monē Xēropotámou</subfield>
         <subfield code="c">Haghion Οros (Mount Athos)</subfield>
         <subfield code="g">GR-AOxp</subfield>
      </datafield>
      <datafield tag="368" ind1=" " ind2=" ">
         <subfield code="a">Other</subfield>
      </datafield>
      <datafield tag="371" ind1=" " ind2=" ">
         <subfield code="b">Karyes</subfield>
         <subfield code="c">Haghion Oros</subfield>
         <subfield code="e">63086</subfield>
         <subfield code="z">t. 2377023251,  f. 2377023733</subfield>
      </datafield>
      <datafield tag="410" ind1=" " ind2=" ">
         <subfield code="a">Xeropotamou Monastery</subfield>
      </datafield>
      <datafield tag="551" ind1="1" ind2=" ">
         <subfield code="a">Haghion Oros</subfield>
         <subfield code="0">places/3903794</subfield>
      </datafield>
      <datafield tag="670" ind1="1" ind2=" ">
         <subfield code="a">KalokyrēsA 1963</subfield>
         <subfield code="0">publications/41002197</subfield>
      </datafield>
      <datafield tag="670" ind1="1" ind2=" ">
         <subfield code="a">StathēsM 1975</subfield>
         <subfield code="0">publications/41002201</subfield>
      </datafield>
      <datafield tag="670" ind1="1" ind2=" ">
         <subfield code="a">RichardR 1958</subfield>
         <subfield code="0">publications/41002199</subfield>
      </datafield>
      <datafield tag="670" ind1="1" ind2=" ">
         <subfield code="a">PanagiōtidēsB 2003</subfield>
         <subfield code="0">publications/41002198</subfield>
      </datafield>
      <datafield tag="678" ind1="1" ind2=" ">
         <subfield code="a">Est. in 10th cent. Library holds 409 MSS and 4.000 rare books. 131 Byzantine music MSS, rare books on Byzantine music.</subfield>
      </datafield>
   </record>