
   <record>
      <leader>00000nz  a2200000nc 4500</leader>
      <controlfield tag="001">institutions/30005733</controlfield>
      <controlfield tag="003">DE-633</controlfield>
      <controlfield tag="005">20250620052041.0</controlfield>
      <controlfield tag="008">161109||||z|||a|||||||||||||||||n||||||d</controlfield>
      <datafield tag="024" ind1="7" ind2=" ">
         <subfield code="a">GR-Aels</subfield>
         <subfield code="q">siglum</subfield>
         <subfield code="2">rism</subfield>
      </datafield>
      <datafield tag="034" ind1="1" ind2=" ">
         <subfield code="d">23.69137584202385</subfield>
         <subfield code="f">37.93974318089215</subfield>
      </datafield>
      <datafield tag="040" ind1=" " ind2=" ">
         <subfield code="a">DE-633</subfield>
         <subfield code="c">DE-633</subfield>
         <subfield code="e">rismg</subfield>
      </datafield>
      <datafield tag="043" ind1=" " ind2=" ">
         <subfield code="c">XA-GR</subfield>
      </datafield>
      <datafield tag="110" ind1="1" ind2=" ">
         <subfield code="a">Ethnikē Lyrikē Skēnē</subfield>
         <subfield code="c">Athēnai</subfield>
         <subfield code="g">GR-Aels</subfield>
      </datafield>
      <datafield tag="368" ind1=" " ind2=" ">
         <subfield code="a">Library</subfield>
      </datafield>
      <datafield tag="368" ind1=" " ind2=" ">
         <subfield code="a">Institution</subfield>
      </datafield>
      <datafield tag="410" ind1=" " ind2=" ">
         <subfield code="a">Ethniki Lyriki Skini</subfield>
      </datafield>
      <datafield tag="510" ind1="2" ind2=" ">
         <subfield code="a">Greek National Opera</subfield>
      </datafield>
      <datafield tag="551" ind1="1" ind2=" ">
         <subfield code="a">Athēnai</subfield>
         <subfield code="0">places/3903713</subfield>
      </datafield>
      <datafield tag="670" ind1="1" ind2=" ">
         <subfield code="a">RatliffD 2017</subfield>
         <subfield code="0">publications/41002158</subfield>
      </datafield>
      <datafield tag="670" ind1="1" ind2=" ">
         <subfield code="a">Cultural Societies 1966</subfield>
         <subfield code="0">publications/50006984</subfield>
      </datafield>
      <datafield tag="670" ind1="1" ind2=" ">
         <subfield code="a">Cultural Societies 1975</subfield>
         <subfield code="0">publications/50006985</subfield>
      </datafield>
      <datafield tag="678" ind1="1" ind2=" ">
         <subfield code="a">Founded in 1939 as a part of the National Theatre, the National Opera became independent in 1944. The Library has been functioning since 1939 and is a working collection for the opera company. There are full scores and parts of many operas and operettas. Many have unpublished Greek translations written in, some only in the chorus parts. The full scores of Greek operas and operettas are mostly in MSS. There is a vast collection of piano-vocal scores, many of which are Greek works in MSS. A collection of unpublished librettos include some Greek translations of foreign works. The audiovisual collection consists mostly of works acquired for preparation of first performances at the National Opera. In addition to vocal scores there are also ballet scores and parts. A full set of programs of past performances is in the Library, but annals and press clippings are found in the administrations offices of the Opera. There are catalogues and indexes. Collection is housed in the new Opera House, Stavros Niarchos Foundation Cultural Centre. The Library is open to qualified scholars.</subfield>
      </datafield>
   </record>