
   <record>
      <leader>00000nz  a2200000nc 4500</leader>
      <controlfield tag="001">institutions/30006000</controlfield>
      <controlfield tag="003">DE-633</controlfield>
      <controlfield tag="005">20250620052044.0</controlfield>
      <controlfield tag="008">161109||||z|||a|||||||||||||||||n||||||d</controlfield>
      <datafield tag="024" ind1="7" ind2=" ">
         <subfield code="2">VIAF</subfield>
      </datafield>
      <datafield tag="024" ind1="7" ind2=" ">
         <subfield code="a">GR-Aer</subfield>
         <subfield code="q">siglum</subfield>
         <subfield code="2">rism</subfield>
      </datafield>
      <datafield tag="034" ind1="1" ind2=" ">
         <subfield code="d">23.82578106</subfield>
         <subfield code="f">38.01305095</subfield>
      </datafield>
      <datafield tag="040" ind1=" " ind2=" ">
         <subfield code="a">DE-633</subfield>
         <subfield code="c">DE-633</subfield>
         <subfield code="e">rismg</subfield>
      </datafield>
      <datafield tag="043" ind1=" " ind2=" ">
         <subfield code="c">XA-GR</subfield>
      </datafield>
      <datafield tag="110" ind1="1" ind2=" ">
         <subfield code="a">Trito Programma Hellēnikēs Radiophonias, Vivliothēkē</subfield>
         <subfield code="c">Athēnai</subfield>
         <subfield code="g">GR-Aer</subfield>
      </datafield>
      <datafield tag="368" ind1=" " ind2=" ">
         <subfield code="a">Institution</subfield>
      </datafield>
      <datafield tag="368" ind1=" " ind2=" ">
         <subfield code="a">Library</subfield>
      </datafield>
      <datafield tag="368" ind1=" " ind2=" ">
         <subfield code="a">Archive</subfield>
      </datafield>
      <datafield tag="371" ind1=" " ind2=" ">
         <subfield code="a">Leoforos Mesogeiōn 432. Ktirio Γ</subfield>
         <subfield code="b">Agia Paraskeuē</subfield>
         <subfield code="c">Attica</subfield>
         <subfield code="d">Grrece</subfield>
         <subfield code="e">15342</subfield>
         <subfield code="m">trito@ert.gr</subfield>
         <subfield code="u">https://www.e-radio.gr/ERT-Trito-Programma-909-Athens-i87/live?lang=en</subfield>
         <subfield code="z">+30 210 6013167 (Studio) – +30 210 6066807-08 (Secretary-Public)</subfield>
      </datafield>
      <datafield tag="410" ind1=" " ind2=" ">
         <subfield code="a">Τρίτο Πρόγραμμα</subfield>
      </datafield>
      <datafield tag="410" ind1=" " ind2=" ">
         <subfield code="a">Trito Programma</subfield>
      </datafield>
      <datafield tag="510" ind1="2" ind2=" ">
         <subfield code="a">Third Programme of Greek Radio, Library</subfield>
      </datafield>
      <datafield tag="551" ind1="1" ind2=" ">
         <subfield code="a">Athēnai</subfield>
         <subfield code="0">places/3903713</subfield>
      </datafield>
      <datafield tag="580" ind1="1" ind2=" ">
         <subfield code="x">GR-Aer</subfield>
         <subfield code="0">institutions/30006000</subfield>
      </datafield>
      <datafield tag="678" ind1="1" ind2=" ">
         <subfield code="a">Airs on September 19, 1954, with the author's initiative of Dionysios Romas, two years after the founding of the Second Program. The station then had a neglected medium wave transmitter, and transmitting on an intra-daily schedule. The actual story, however, began during the dictatorship and afterwards, when the great composer Manos Hatzidakis became director. With a program that attracts the interest of people of all ages, even children the Third Programme gained popularity. Addressing the classical music and various cultural activities, the Third Programme, is the only such radio in Greece, having loyal audience.</subfield>
      </datafield>
      <datafield tag="678" ind1="1" ind2=" ">
         <subfield code="a">The Third Programme (Greek: Τρίτο Πρόγραμμα, Trito Programma) is the third public radio station of Greece's state broadcaster, ERT. The station's main program broadcasts focused on culture and classical music, and enjoyed great prosperity during the period when it was headed by Manos Hatzidakis. Since February 2016, the station chief is Dionysis Mallouchos.</subfield>
      </datafield>
      <datafield tag="680" ind1="1" ind2=" ">
         <subfield code="a">The music library holds about 15,000 works titles - scores and parts. These are printed publications and manuscripts of musical works from the late 19th century to the present.</subfield>
      </datafield>
      <datafield tag="680" ind1="1" ind2=" ">
         <subfield code="a">Structure - Functions Department of Preservation, Digitization and Documentation. Key competencies are: • maintenance and restoration of the original archive material • digitization of each physical medium of our Archive (video, photo, film, radio and paper material) • Quality control and restoration of the generated digital item • documentation of the physical and digital records of the Archive: a systematic and standardized way of recording all the information that accompanies each item (object) of the File • Keeping, preserving and highlighting the collections of museum objects, from the technological evolution of radio and television in Greece (receivers, projectors, transmitters, loudspeakers, consoles, muvioli etc)</subfield>
      </datafield>
      <datafield tag="680" ind1="1" ind2=" ">
         <subfield code="a">Department of Archives-Museum Management Responsibilities are: • recording, sorting, archiving of all archives and museum objects of ERT SA • Acquisition of new broadcasting material • Responsibility to manage archival material within and outside ERT SA • management of requests from third parties for the concession of material, with or without payment, as well as policy formulation, in cooperation with other ERT service units, for the distribution of the audiovisual material to third parties for commercial purposes • provision of programs and archives in ERT SA broadcasting productions.</subfield>
      </datafield>
      <datafield tag="700" ind1="1" ind2=" ">
         <subfield code="a">Chatzidakis, Manos</subfield>
         <subfield code="d">1925-1994</subfield>
         <subfield code="0">people/30073469</subfield>
         <subfield code="4">att</subfield>
      </datafield>
      <datafield tag="856" ind1="1" ind2=" ">
         <subfield code="u">https://archive.ert.gr/category/mousiki-vivliothiki/</subfield>
         <subfield code="z">Catalog</subfield>
      </datafield>
   </record>