
   <record>
      <leader>00000nz  a2200000nc 4500</leader>
      <controlfield tag="001">institutions/30005994</controlfield>
      <controlfield tag="003">DE-633</controlfield>
      <controlfield tag="005">20250620052044.0</controlfield>
      <controlfield tag="008">161109||||z|||a|||||||||||||||||n||||||d</controlfield>
      <datafield tag="024" ind1="7" ind2=" ">
         <subfield code="a">155641854</subfield>
         <subfield code="2">VIAF</subfield>
      </datafield>
      <datafield tag="024" ind1="7" ind2=" ">
         <subfield code="a">GR-Ag</subfield>
         <subfield code="q">siglum</subfield>
         <subfield code="2">rism</subfield>
      </datafield>
      <datafield tag="034" ind1="1" ind2=" ">
         <subfield code="d">23.7481616</subfield>
         <subfield code="f">37.9802401</subfield>
      </datafield>
      <datafield tag="040" ind1=" " ind2=" ">
         <subfield code="a">DE-633</subfield>
         <subfield code="c">DE-633</subfield>
         <subfield code="e">rismg</subfield>
      </datafield>
      <datafield tag="043" ind1=" " ind2=" ">
         <subfield code="c">XA-GR</subfield>
      </datafield>
      <datafield tag="110" ind1="1" ind2=" ">
         <subfield code="a">Gennadeios Vivliothēkē</subfield>
         <subfield code="c">Athēnai</subfield>
         <subfield code="g">GR-Ag</subfield>
      </datafield>
      <datafield tag="368" ind1=" " ind2=" ">
         <subfield code="a">Institution</subfield>
      </datafield>
      <datafield tag="368" ind1=" " ind2=" ">
         <subfield code="a">Library</subfield>
      </datafield>
      <datafield tag="371" ind1=" " ind2=" ">
         <subfield code="a">61 Souidias Street, 106 76</subfield>
         <subfield code="b">Athens</subfield>
         <subfield code="c">Attica</subfield>
         <subfield code="d">Greece</subfield>
         <subfield code="e">106 76</subfield>
         <subfield code="m">Ascsa_info@ascsa.edu.gr</subfield>
         <subfield code="u">https://www.ascsa.edu.gr/research/gennadius-library</subfield>
         <subfield code="z">Tel. +30-210-7210536</subfield>
      </datafield>
      <datafield tag="410" ind1=" " ind2=" ">
         <subfield code="a">Gennadeion</subfield>
      </datafield>
      <datafield tag="510" ind1="2" ind2=" ">
         <subfield code="a">Γεννάδειος Βιβλιοθήκη</subfield>
      </datafield>
      <datafield tag="510" ind1="2" ind2=" ">
         <subfield code="a">Gennadius Library</subfield>
      </datafield>
      <datafield tag="551" ind1="1" ind2=" ">
         <subfield code="a">Athēnai</subfield>
         <subfield code="0">places/3903713</subfield>
      </datafield>
      <datafield tag="670" ind1="1" ind2=" ">
         <subfield code="a">RatliffD 2017</subfield>
         <subfield code="0">publications/41002158</subfield>
      </datafield>
      <datafield tag="670" ind1="1" ind2=" ">
         <subfield code="a">PolitiE 2010</subfield>
         <subfield code="0">publications/41002159</subfield>
      </datafield>
      <datafield tag="678" ind1="1" ind2=" ">
         <subfield code="a">The Gennadius Library, which opened its doors in 1926 to house the important donation of 26,000 volumes of books by diplomat and book-knot John Gennadius, today holds a unique research collection of more than 138,000 volumes of books as well as rare bindings, archives, manuscripts and works of art that refer to the Greek tradition and neighboring cultures. The Library is housed in a building of particular architectural significance, right across from the central building of the American School of Classical Studies. Gennadius has become an internationally recognized center of study of Greek history, literature and art from antiquity to modern times. It also participates in research projects, as well as digitization programs. Combined with its function as a library and research center, "Gennadius" actively participates in the cultural life of Athens with lectures, seminars, concerts, exhibitions and publications.</subfield>
      </datafield>
      <datafield tag="680" ind1="1" ind2=" ">
         <subfield code="a">Rare and Special collections made up of manuscript codices, watercolors, engravings, historical maps, pamphlets, and various memorabilia still follows Gennadius’ own cataloging arrangement.</subfield>
      </datafield>
      <datafield tag="680" ind1="1" ind2=" ">
         <subfield code="a">New acquisitions are guided by a carefully-formulated Acquisitions Policy, inspired by the founding collection and complementing the collections of the Blegen Library across the street, which are focused on earlier periods of Greek history and prehistory.</subfield>
      </datafield>
      <datafield tag="680" ind1="1" ind2=" ">
         <subfield code="a">The research collection is being classified according to the Library of Congress classification system and will be accessible on open stacks in September 2019.</subfield>
      </datafield>
      <datafield tag="680" ind1="1" ind2=" ">
         <subfield code="a">The Gennadius Library is a non-circulating, closed stacks library. No book or document may leave the library. We welcome all serious researchers to use the Library and its collections.  First-time readers must apply for a library card. To avoid disappointment when you arrive at the library, and to find out what documents you need to bring to obtain this, please contact the desk attendant at: gen_recep@ascsa.edu.gr All readers must follow the instructions of the desk attendants and abide by the rules and regulations of the Reading Room. Please consult the reading room rules prior to visiting the library.  Contact Tel. +30-210-7210536  Hours Monday, Tuesday, Wednesday &amp; Friday - 9:00 to 17:00 Thursday - 9:00 to 20:00 Saturday - 9:00 to 14:00</subfield>
      </datafield>
      <datafield tag="700" ind1="1" ind2=" ">
         <subfield code="a">Gennadios, Iōannēs</subfield>
         <subfield code="d">1844-1932</subfield>
         <subfield code="0">people/41022436</subfield>
         <subfield code="4">dnr</subfield>
      </datafield>
      <datafield tag="710" ind1="1" ind2=" ">
         <subfield code="a">American School of Classical Studies [Athenai]</subfield>
         <subfield code="0">institutions/85988</subfield>
      </datafield>
   </record>