
   <record>
      <leader>00000nz  a2200000nc 4500</leader>
      <controlfield tag="001">institutions/30003035</controlfield>
      <controlfield tag="003">DE-633</controlfield>
      <controlfield tag="005">20250620052018.0</controlfield>
      <controlfield tag="008">161109||||z|||a|||||||||||||||||n||||||d</controlfield>
      <datafield tag="024" ind1="7" ind2=" ">
         <subfield code="a">136996034</subfield>
         <subfield code="2">VIAF</subfield>
      </datafield>
      <datafield tag="024" ind1="7" ind2=" ">
         <subfield code="a">34193</subfield>
         <subfield code="2">MOC</subfield>
      </datafield>
      <datafield tag="024" ind1="7" ind2=" ">
         <subfield code="a">GR-An</subfield>
         <subfield code="q">siglum</subfield>
         <subfield code="2">rism</subfield>
      </datafield>
      <datafield tag="034" ind1="1" ind2=" ">
         <subfield code="d">23.692373</subfield>
         <subfield code="f">37.940173</subfield>
      </datafield>
      <datafield tag="040" ind1=" " ind2=" ">
         <subfield code="a">DE-633</subfield>
         <subfield code="c">DE-633</subfield>
         <subfield code="e">rismg</subfield>
      </datafield>
      <datafield tag="043" ind1=" " ind2=" ">
         <subfield code="c">XA-GR</subfield>
      </datafield>
      <datafield tag="110" ind1="1" ind2=" ">
         <subfield code="a">Ethnikē Vibliothēkē tēs Hellados</subfield>
         <subfield code="c">Athēnai</subfield>
         <subfield code="g">GR-An</subfield>
      </datafield>
      <datafield tag="368" ind1=" " ind2=" ">
         <subfield code="a">Library</subfield>
      </datafield>
      <datafield tag="371" ind1=" " ind2=" ">
         <subfield code="a">Leoforos Syggrou 364</subfield>
         <subfield code="a">Stavros Niarchos Foundation Cultural Center</subfield>
         <subfield code="b">Athens</subfield>
         <subfield code="c">Attica</subfield>
         <subfield code="d">Greece</subfield>
         <subfield code="e">17674</subfield>
         <subfield code="m">network@nlg.gr</subfield>
         <subfield code="u">https://www.nlg.gr/</subfield>
         <subfield code="z">+30 / 2130999700</subfield>
      </datafield>
      <datafield tag="410" ind1=" " ind2=" ">
         <subfield code="a">Public Library, 1832</subfield>
      </datafield>
      <datafield tag="410" ind1=" " ind2=" ">
         <subfield code="a">EBE</subfield>
      </datafield>
      <datafield tag="410" ind1=" " ind2=" ">
         <subfield code="a">NLG</subfield>
      </datafield>
      <datafield tag="510" ind1="2" ind2=" ">
         <subfield code="a">Εθνική Βιβλιοθήκη της Ελλάδος</subfield>
      </datafield>
      <datafield tag="510" ind1="2" ind2=" ">
         <subfield code="a">National Library of Greece</subfield>
      </datafield>
      <datafield tag="551" ind1="1" ind2=" ">
         <subfield code="a">Athēnai</subfield>
         <subfield code="0">places/3903713</subfield>
      </datafield>
      <datafield tag="670" ind1="1" ind2=" ">
         <subfield code="a">Touliatos-MilesB 2010</subfield>
         <subfield code="0">publications/41002157</subfield>
      </datafield>
      <datafield tag="670" ind1="1" ind2=" ">
         <subfield code="a">RatliffD 2017</subfield>
         <subfield code="0">publications/41002158</subfield>
      </datafield>
      <datafield tag="678" ind1="1" ind2=" ">
         <subfield code="a">The National Library of Greece was established by the decree, issued on 15 May 1832 in Nafplio, under the name "Public Library" and with the director Gennadios, which was titled "Epistatos". In 1834 the National Library comes to Athens, which is the capital of the Greek state, and its collection grows rapidly, thanks not only to the markets but also to the donations of books by individuals. Ιn 1842 it is consolidated with the Library of the University of Athens and is housed at the University. In 1866, with a royal decree, the two libraries are merged and the new entity will be named "National Library of Greece". In 1903, the National Library of Greece was transferred from the oldest building of the University to Vallianeio building, where it was housed continuously until 2017. In 2018 the National Library of Greece moves to the new phase of its operation at the premises of the Stavros Foundation Cultural Center Niarchos.</subfield>
      </datafield>
      <datafield tag="680" ind1="1" ind2=" ">
         <subfield code="a">The National Library of Greece holds one of the largest collections of Greek Manuscripts internationally. In particular, it has a collection of approximately 4,500 manuscripts, parchments, charts, and scrolls of Byzantine music, dated from the 9th to 19th centuries and 254 Byzantine and post-Byzantine music MSS date from the 12th to the 20th centuries. The collections includes books of Greek folk music, church music, method books (in Greek), music periodicals, collections of various kinds of songs, music scores (exceptionally strong in 20th cent ecclesiastical MSS, biographies, books on music in the Ionian islands, photographs, over 75 pamphlets relating to Philharmonic Societies all over Greece, newspaper clippings, magnetic tapes, and a small collection of Greek popular music (including 52 entries under Mikis Theodorakis). Other materials of special interest are the MSS of the 20th cent composer and pedagogue John A. Papaioannou, and a small collection of MSS written and dedicated to the members of the 19th cent Greek royal family.</subfield>
      </datafield>
      <datafield tag="680" ind1="1" ind2=" ">
         <subfield code="a">https://digitalcollections.nlg.gr/index.html</subfield>
      </datafield>
      <datafield tag="680" ind1="1" ind2=" ">
         <subfield code="a">Its mission is to identify, collect, organize, describe and preserve in the past the scientific and cultural evidence created in Greece or internationally and related to Hellenism throughout its time, offering open and equal access to any interested person.</subfield>
      </datafield>
      <datafield tag="856" ind1="1" ind2=" ">
         <subfield code="u">http://xeir.nlg.gr/main.htm</subfield>
         <subfield code="z">Inventories of manuscripts</subfield>
      </datafield>
   </record>