
   <record>
      <leader>00000nz  a2200000nc 4500</leader>
      <controlfield tag="001">institutions/30005766</controlfield>
      <controlfield tag="003">DE-633</controlfield>
      <controlfield tag="005">20250620052042.0</controlfield>
      <controlfield tag="008">161109||||z|||a|||||||||||||||||n||||||d</controlfield>
      <datafield tag="024" ind1="7" ind2=" ">
         <subfield code="a">GR-As</subfield>
         <subfield code="q">siglum</subfield>
         <subfield code="2">rism</subfield>
      </datafield>
      <datafield tag="040" ind1=" " ind2=" ">
         <subfield code="a">DE-633</subfield>
         <subfield code="c">DE-633</subfield>
         <subfield code="e">rismg</subfield>
      </datafield>
      <datafield tag="043" ind1=" " ind2=" ">
         <subfield code="c">XA-GR</subfield>
      </datafield>
      <datafield tag="110" ind1="1" ind2=" ">
         <subfield code="a">Syllogos Hoi Philoi tēs Mousikēs, Megalē Mousikē Bibliothēkē tēs Hellados Lilian Voudourē</subfield>
         <subfield code="c">Athēnai</subfield>
         <subfield code="g">GR-As</subfield>
      </datafield>
      <datafield tag="368" ind1=" " ind2=" ">
         <subfield code="a">Library</subfield>
      </datafield>
      <datafield tag="368" ind1=" " ind2=" ">
         <subfield code="a">Institution</subfield>
      </datafield>
      <datafield tag="371" ind1=" " ind2=" ">
         <subfield code="a">Syllogos Hoi Philoi tēs Mousikēs, Megalē,  Mousikē Bibliothēkē tēs Hellados Lilian,  Voudourē, Vas. Sofias &amp; Kokkali 1, 11521 Athēnai, Greece</subfield>
         <subfield code="u">https://mmb.org.gr/</subfield>
      </datafield>
      <datafield tag="410" ind1=" " ind2=" ">
         <subfield code="a">The Friends of Music Society, Music Library of Greece Lilian Voudouri</subfield>
      </datafield>
      <datafield tag="551" ind1="1" ind2=" ">
         <subfield code="a">Athēnai</subfield>
         <subfield code="0">places/3903713</subfield>
      </datafield>
   </record>