
   <record>
      <leader>00000nz  a2200000nc 4500</leader>
      <controlfield tag="001">institutions/51000241</controlfield>
      <controlfield tag="003">DE-633</controlfield>
      <controlfield tag="005">20250620052235.0</controlfield>
      <controlfield tag="008">170403||||z|||a|||||||||||||||||n||||||d</controlfield>
      <datafield tag="024" ind1="7" ind2=" ">
         <subfield code="a">GR-CHId</subfield>
         <subfield code="q">siglum</subfield>
         <subfield code="2">rism</subfield>
      </datafield>
      <datafield tag="034" ind1="1" ind2=" ">
         <subfield code="d">26.1342899</subfield>
         <subfield code="f">38.3678862</subfield>
      </datafield>
      <datafield tag="040" ind1=" " ind2=" ">
         <subfield code="a">DE-633</subfield>
         <subfield code="c">DE-633</subfield>
         <subfield code="e">rismg</subfield>
      </datafield>
      <datafield tag="043" ind1=" " ind2=" ">
         <subfield code="c">XA-GR</subfield>
      </datafield>
      <datafield tag="110" ind1="1" ind2=" ">
         <subfield code="a">Dēmosia Kentrikē Historikē Vivliothēkē Chiou “Adamantios Koraēs”</subfield>
         <subfield code="c">Chios</subfield>
         <subfield code="g">GR-CHId</subfield>
      </datafield>
      <datafield tag="368" ind1=" " ind2=" ">
         <subfield code="a">Institution</subfield>
         <subfield code="a">Library</subfield>
      </datafield>
      <datafield tag="370" ind1=" " ind2=" ">
         <subfield code="c">Greece</subfield>
         <subfield code="e">Chios</subfield>
      </datafield>
      <datafield tag="371" ind1=" " ind2=" ">
         <subfield code="a">Koraē 2</subfield>
         <subfield code="b">Chios</subfield>
         <subfield code="c">Chios</subfield>
         <subfield code="d">Greece</subfield>
         <subfield code="e">82100</subfield>
         <subfield code="m">info@koraeslibrary.gr</subfield>
         <subfield code="u">https://www.koraeslibrary.gr/en/</subfield>
         <subfield code="z">tel: +30 / 2271044246</subfield>
         <subfield code="z">fax: +30 / 2271080680</subfield>
      </datafield>
      <datafield tag="371" ind1=" " ind2=" ">
         <subfield code="a">Κοραή 2</subfield>
         <subfield code="b">Χίος</subfield>
         <subfield code="c">Χίος</subfield>
         <subfield code="d">Ελλάδα</subfield>
         <subfield code="e">82100</subfield>
         <subfield code="m">info@koraeslibrary.gr</subfield>
         <subfield code="u">https://www.koraeslibrary.gr/en/,</subfield>
         <subfield code="z">tel: +30 / 2271044246</subfield>
      </datafield>
      <datafield tag="410" ind1=" " ind2=" ">
         <subfield code="a">Koraes Library</subfield>
      </datafield>
      <datafield tag="510" ind1="2" ind2=" ">
         <subfield code="a">Δημόσια Κεντρική Ιστορική Βιβλιοθήκη Χίου «Αδαμάντιος Κοραής»</subfield>
      </datafield>
      <datafield tag="510" ind1="2" ind2=" ">
         <subfield code="a">Public Central Historic Library of Chios “Adamantios Koraēs"</subfield>
      </datafield>
      <datafield tag="551" ind1="1" ind2=" ">
         <subfield code="a">Chios</subfield>
         <subfield code="0">places/4000021</subfield>
      </datafield>
      <datafield tag="670" ind1="1" ind2=" ">
         <subfield code="a">RatliffD 2017</subfield>
         <subfield code="u">https://www.eeme.gr/images/stories/documents/dkoniari/Bazmadelis_2017_DirE_book.pdf</subfield>
         <subfield code="0">publications/41002158</subfield>
      </datafield>
      <datafield tag="670" ind1="1" ind2=" ">
         <subfield code="a">RichardR 1958</subfield>
         <subfield code="u">https://search.lib.auth.gr/Record/66709</subfield>
         <subfield code="0">publications/41002199</subfield>
      </datafield>
      <datafield tag="670" ind1="1" ind2=" ">
         <subfield code="a">RichardR 1995</subfield>
         <subfield code="u">https://search.lib.auth.gr/Record/42281</subfield>
         <subfield code="0">publications/41002200</subfield>
      </datafield>
      <datafield tag="670" ind1="1" ind2=" ">
         <subfield code="a">Chatzēgiakoumēs 1980</subfield>
         <subfield code="u">https://search.lib.auth.gr/Record/130280</subfield>
         <subfield code="0">publications/50006982</subfield>
      </datafield>
      <datafield tag="678" ind1="1" ind2=" ">
         <subfield code="a">The Koraes Library is one of the biggest libraries in Greece. Founded in 1792, it was originally an annex to the Great School of Chios. The latter currently houses the 1st Middle School of Chios. One of the most importrant of the oldest provincial libraries and popularly known as the Vivliothēkē Chiou “Korais”. It bears the name of the famous Greek humanist, patriot, and language reformer who was a tireless campaigner for the establishment of libraries in Greece before and after the revolution of 1821. He was a particular friend of Chios and, aside from donating his own personal collection to the library there, was instrumental in obtaining gifts of books from scholars in northern Europe. Other important gifts and bequests have come from prominent Greeks and natives of Chios. Of the ca. 180.000 vols. now in the library there are many rare MSS and imprints, including 17 incunabula. Books and MSS of Byzantine Music have been acquired from monasteries and churches of Chios. There are ca 80 books on Byzantine Music and 30 music MSS from the 18th and 19th centuries.</subfield>
      </datafield>
   </record>