
   <record>
      <leader>00000nz  a2200000nc 4500</leader>
      <controlfield tag="001">institutions/30006655</controlfield>
      <controlfield tag="003">DE-633</controlfield>
      <controlfield tag="005">20250620052049.0</controlfield>
      <controlfield tag="008">161109||||z|||a|||||||||||||||||n||||||d</controlfield>
      <datafield tag="024" ind1="7" ind2=" ">
         <subfield code="a">GR-KAm</subfield>
         <subfield code="q">siglum</subfield>
         <subfield code="2">rism</subfield>
      </datafield>
      <datafield tag="034" ind1="1" ind2=" ">
         <subfield code="d">21.268128</subfield>
         <subfield code="f">40.515505</subfield>
      </datafield>
      <datafield tag="040" ind1=" " ind2=" ">
         <subfield code="a">DE-633</subfield>
         <subfield code="c">DE-633</subfield>
         <subfield code="e">rismg</subfield>
      </datafield>
      <datafield tag="043" ind1=" " ind2=" ">
         <subfield code="c">XA-GR</subfield>
      </datafield>
      <datafield tag="110" ind1="1" ind2=" ">
         <subfield code="a">Vivliothēkē Mētropoleōs Kastorias</subfield>
         <subfield code="c">Kastoria</subfield>
         <subfield code="g">GR-KAm</subfield>
      </datafield>
      <datafield tag="368" ind1=" " ind2=" ">
         <subfield code="a">Library</subfield>
         <subfield code="a">Other</subfield>
      </datafield>
      <datafield tag="370" ind1=" " ind2=" ">
         <subfield code="c">Greece</subfield>
         <subfield code="e">Kastoria</subfield>
      </datafield>
      <datafield tag="371" ind1=" " ind2=" ">
         <subfield code="a">Mitropoleos 134-146</subfield>
         <subfield code="b">Kastoria</subfield>
         <subfield code="c">Kastoria</subfield>
         <subfield code="d">Greece</subfield>
         <subfield code="e">52100</subfield>
         <subfield code="u">www.imkastorias.gr</subfield>
      </datafield>
      <datafield tag="371" ind1=" " ind2=" ">
         <subfield code="a">Μητροπόλεως 134-146</subfield>
         <subfield code="b">Καστοριά</subfield>
         <subfield code="c">Καστοριά</subfield>
         <subfield code="d">Ελλάδα</subfield>
         <subfield code="e">52100</subfield>
         <subfield code="u">www.imkastorias.gr</subfield>
      </datafield>
      <datafield tag="510" ind1="2" ind2=" ">
         <subfield code="a">Library of the Metropolis of Kastoria</subfield>
      </datafield>
      <datafield tag="510" ind1="2" ind2=" ">
         <subfield code="a">Βιβλιοθήκη Μητροπόλεως Καστοριάς</subfield>
      </datafield>
      <datafield tag="551" ind1="1" ind2=" ">
         <subfield code="a">Kastoria</subfield>
         <subfield code="0">places/3904831</subfield>
      </datafield>
      <datafield tag="670" ind1="1" ind2=" ">
         <subfield code="a">RatliffD 2017</subfield>
         <subfield code="0">publications/41002158</subfield>
      </datafield>
      <datafield tag="670" ind1="1" ind2=" ">
         <subfield code="a">RichardR 1995</subfield>
         <subfield code="0">publications/41002200</subfield>
      </datafield>
      <datafield tag="678" ind1="1" ind2=" ">
         <subfield code="a">The small library of the Metropolis is housed in the main building of the Diocese, next to the Metropolis church and includes 7 byzantine music mss.</subfield>
      </datafield>
      <datafield tag="680" ind1="1" ind2=" ">
         <subfield code="a">The former RISM library siglum was GR-KA.</subfield>
      </datafield>
      <datafield tag="680" ind1="1" ind2=" ">
         <subfield code="a">Politēs, Linos.Συνοπτική αναγραφή χειρογράφων Ελληνικών συλλογών. Thessalonikē: Hetairia Makedonikōn Spoudōn,1976.</subfield>
      </datafield>
      <datafield tag="680" ind1="1" ind2=" ">
         <subfield code="a">Wellesz, Egon, Velimirovic, Milos. Studies in Easterh Chant: Vol. III. London: Oxford University Press, 1973</subfield>
      </datafield>
   </record>