
   <record>
      <leader>00000nz  a2200000nc 4500</leader>
      <controlfield tag="001">institutions/30006009</controlfield>
      <controlfield tag="003">DE-633</controlfield>
      <controlfield tag="005">20250620052044.0</controlfield>
      <controlfield tag="008">161109||||z|||a|||||||||||||||||n||||||d</controlfield>
      <datafield tag="024" ind1="7" ind2=" ">
         <subfield code="a">GR-KEae</subfield>
         <subfield code="q">siglum</subfield>
         <subfield code="2">rism</subfield>
      </datafield>
      <datafield tag="040" ind1=" " ind2=" ">
         <subfield code="a">DE-633</subfield>
         <subfield code="c">DE-633</subfield>
         <subfield code="e">rismg</subfield>
      </datafield>
      <datafield tag="043" ind1=" " ind2=" ">
         <subfield code="c">XA-GR</subfield>
      </datafield>
      <datafield tag="110" ind1="1" ind2=" ">
         <subfield code="a">Anagnostikē Hetaireia Kerkyras</subfield>
         <subfield code="c">Kérkyra</subfield>
         <subfield code="g">GR-KEae</subfield>
      </datafield>
      <datafield tag="368" ind1=" " ind2=" ">
         <subfield code="a">Library</subfield>
      </datafield>
      <datafield tag="368" ind1=" " ind2=" ">
         <subfield code="a">Institution</subfield>
      </datafield>
      <datafield tag="368" ind1=" " ind2=" ">
         <subfield code="a">Archive</subfield>
      </datafield>
      <datafield tag="368" ind1=" " ind2=" ">
         <subfield code="a">Museum</subfield>
      </datafield>
      <datafield tag="370" ind1=" " ind2=" ">
         <subfield code="c">Greece</subfield>
         <subfield code="e">Corfu</subfield>
      </datafield>
      <datafield tag="371" ind1=" " ind2=" ">
         <subfield code="a">Kapodistriou 120</subfield>
         <subfield code="b">Corfu</subfield>
         <subfield code="c">Corfu</subfield>
         <subfield code="d">Greece</subfield>
         <subfield code="e">49100</subfield>
         <subfield code="u">http://www.anagnostikicorfu.com/</subfield>
         <subfield code="z">tel 2661033297, fax 2661027277</subfield>
      </datafield>
      <datafield tag="510" ind1="2" ind2=" ">
         <subfield code="a">Αναγνωστική Εταιρεία Κερκύρας</subfield>
      </datafield>
      <datafield tag="510" ind1="2" ind2=" ">
         <subfield code="a">Reading Society of Corfu,</subfield>
      </datafield>
      <datafield tag="551" ind1="1" ind2=" ">
         <subfield code="a">Kérkyra</subfield>
         <subfield code="0">places/3904636</subfield>
      </datafield>
      <datafield tag="670" ind1="1" ind2=" ">
         <subfield code="a">RatliffD 2017</subfield>
         <subfield code="u">https://www.eeme.gr/images/stories/documents/dkoniari/Bazmadelis_2017_DirE_book.pdf</subfield>
         <subfield code="0">publications/41002158</subfield>
      </datafield>
      <datafield tag="670" ind1="1" ind2=" ">
         <subfield code="a">Kokkinēs 1970</subfield>
         <subfield code="0">publications/50006983</subfield>
      </datafield>
      <datafield tag="670" ind1="1" ind2=" ">
         <subfield code="a">Cultural Societies 1966</subfield>
         <subfield code="0">publications/50006984</subfield>
      </datafield>
      <datafield tag="670" ind1="1" ind2=" ">
         <subfield code="a">Cultural Societies 1975</subfield>
         <subfield code="0">publications/50006985</subfield>
      </datafield>
      <datafield tag="678" ind1="1" ind2=" ">
         <subfield code="a">Est 1836, this Society has a Library of over 20.000 vols which is strong in MSS and rare books related to the Greek revolution. Music materials include a fine collection of MSS, published music, and correspondence of Nikolaos Mantzaros among which is the first printing of the Greek National Anthem (London 1873) as well as later additions. There are also MSS and printed score of other Corfu composers and composers associated with Corfu. Many clippings from newspapers and periodicals documents music of Corfu and the rest of Greece. Of wider musical interest is a collection of 132 Italian opera librettos, most of which were published on Corfu from 1823 to about 1885 for performances of Italian touring troupes. From 1775 Corfu had been a regular stop for all these itinerant companies, and the librettos (including works of Bellini, Donizetti, and others) both document the performances and include cast lists as well. The Society sponsors lectures and concerts and publishes an important bulletin of literary and scholarly note “Deltion Anagnostikēs Hetaireias Kerkyras”. The Library is open to the public Mon-Sat.</subfield>
      </datafield>
      <datafield tag="680" ind1="1" ind2=" ">
         <subfield code="a">The former RISM library siglum was GR-Kae.</subfield>
      </datafield>
      <datafield tag="680" ind1="1" ind2=" ">
         <subfield code="a">Κανονισμός της Αναγνωστικής Εταιρείας Κερκύρας. Kerkyra: [s.n.], 1848</subfield>
      </datafield>
      <datafield tag="680" ind1="1" ind2=" ">
         <subfield code="a">Αναγνωστική Εταιρία Κέρκυρας. Kerkyra: Anagnōstikē Hetaireia Kerkyras, 2006</subfield>
      </datafield>
   </record>