
   <record>
      <leader>00000nz  a2200000nc 4500</leader>
      <controlfield tag="001">institutions/30006010</controlfield>
      <controlfield tag="003">DE-633</controlfield>
      <controlfield tag="005">20250620052044.0</controlfield>
      <controlfield tag="008">161109||||z|||a|||||||||||||||||n||||||d</controlfield>
      <datafield tag="024" ind1="7" ind2=" ">
         <subfield code="a">153013232</subfield>
         <subfield code="2">VIAF</subfield>
      </datafield>
      <datafield tag="024" ind1="7" ind2=" ">
         <subfield code="a">GR-KEeks</subfield>
         <subfield code="q">siglum</subfield>
         <subfield code="2">rism</subfield>
      </datafield>
      <datafield tag="040" ind1=" " ind2=" ">
         <subfield code="a">DE-633</subfield>
         <subfield code="c">DE-633</subfield>
         <subfield code="e">rismg</subfield>
      </datafield>
      <datafield tag="043" ind1=" " ind2=" ">
         <subfield code="c">XA-GR</subfield>
      </datafield>
      <datafield tag="110" ind1="1" ind2=" ">
         <subfield code="a">Hetaireia Kerkyraikōn Spoudōn-Mouseio Solōmou. Vivliothēkē</subfield>
         <subfield code="c">Kérkyra</subfield>
         <subfield code="g">GR-KEeks</subfield>
      </datafield>
      <datafield tag="368" ind1=" " ind2=" ">
         <subfield code="a">Institution</subfield>
         <subfield code="a">Library</subfield>
      </datafield>
      <datafield tag="370" ind1=" " ind2=" ">
         <subfield code="c">Greece</subfield>
         <subfield code="e">Corfu</subfield>
      </datafield>
      <datafield tag="371" ind1=" " ind2=" ">
         <subfield code="a">Theodōrou Makrē 2 kai Kōsta Daphnē</subfield>
         <subfield code="b">Corfu</subfield>
         <subfield code="d">Greece</subfield>
         <subfield code="e">49100</subfield>
         <subfield code="m">info@eksmouseiosolomou.gr</subfield>
         <subfield code="u">https://eksmouseiosolomou.gr/about/library/</subfield>
         <subfield code="z">2661030674</subfield>
      </datafield>
      <datafield tag="410" ind1=" " ind2=" ">
         <subfield code="a">Βιβλιοθήκη του Μουσείου Σολωμού</subfield>
      </datafield>
      <datafield tag="410" ind1=" " ind2=" ">
         <subfield code="a">Μουσείο Σολωμού Κέρκυρας, Βιβλιοθήκη</subfield>
      </datafield>
      <datafield tag="510" ind1="2" ind2=" ">
         <subfield code="a">Εταιρεία Κερκυραϊκών Σπουδών-Μουσείο Σολωμού. Βιβλιοθήκη</subfield>
      </datafield>
      <datafield tag="510" ind1="2" ind2=" ">
         <subfield code="a">Society of Corfu Studies-Solomos Museum. Library</subfield>
      </datafield>
      <datafield tag="551" ind1="1" ind2=" ">
         <subfield code="a">Kérkyra</subfield>
         <subfield code="0">places/3904636</subfield>
      </datafield>
      <datafield tag="670" ind1="1" ind2=" ">
         <subfield code="a">RatliffD 2017</subfield>
         <subfield code="u">https://www.eeme.gr/images/stories/documents/dkoniari/Bazmadelis_2017_DirE_book.pdf</subfield>
         <subfield code="0">publications/41002158</subfield>
      </datafield>
      <datafield tag="670" ind1="1" ind2=" ">
         <subfield code="a">Kokkinēs 1970</subfield>
         <subfield code="0">publications/50006983</subfield>
      </datafield>
      <datafield tag="670" ind1="1" ind2=" ">
         <subfield code="a">Cultural Societies 1966</subfield>
         <subfield code="0">publications/50006984</subfield>
      </datafield>
      <datafield tag="670" ind1="1" ind2=" ">
         <subfield code="a">Cultural Societies 1975</subfield>
         <subfield code="0">publications/50006985</subfield>
      </datafield>
      <datafield tag="678" ind1="1" ind2=" ">
         <subfield code="a">The Society of Corfu Studies was founded in 1940 and operates ever since to support the study of history, folklore as well as the overall intellectual and art production of the Ionian Islands. This private intellectual society operates a Mouseio Solomou (Solomos Museum) as well as a centre for creative studies with a Library devoted to Modern Greek Studies, There are more than 200 music MSS and printed scores related exclusively to musical settings of the works of the poet Dionysios Solomos and other Greek composers. The Library is open to the public</subfield>
      </datafield>
      <datafield tag="680" ind1="1" ind2=" ">
         <subfield code="a">The former RISM library siglum was GR-Keks.</subfield>
      </datafield>
      <datafield tag="680" ind1="1" ind2=" ">
         <subfield code="a">Archeio Iōannē Kapodistria (https://eksmouseiosolomou.gr/publications/kapodistrias/)</subfield>
      </datafield>
      <datafield tag="856" ind1="1" ind2=" ">
         <subfield code="u">http://iamlgreece.eu/vivliothikes-kai-arxeia-me-mousiko-yliko/</subfield>
         <subfield code="z">Online map of music collections in Greece. AMA WG GR IAML</subfield>
      </datafield>
   </record>