
   <record>
      <leader>00000nz  a2200000nc 4500</leader>
      <controlfield tag="001">institutions/30006008</controlfield>
      <controlfield tag="003">DE-633</controlfield>
      <controlfield tag="005">20250620052044.0</controlfield>
      <controlfield tag="008">161109||||z|||a|||||||||||||||||n||||||d</controlfield>
      <datafield tag="024" ind1="7" ind2=" ">
         <subfield code="a">249892432</subfield>
         <subfield code="2">VIAF</subfield>
      </datafield>
      <datafield tag="024" ind1="7" ind2=" ">
         <subfield code="a">GR-KEiums</subfield>
         <subfield code="q">siglum</subfield>
         <subfield code="2">rism</subfield>
      </datafield>
      <datafield tag="040" ind1=" " ind2=" ">
         <subfield code="a">DE-633</subfield>
         <subfield code="c">DE-633</subfield>
         <subfield code="e">rismg</subfield>
      </datafield>
      <datafield tag="043" ind1=" " ind2=" ">
         <subfield code="c">XA-GR</subfield>
      </datafield>
      <datafield tag="110" ind1="1" ind2=" ">
         <subfield code="a">Ionio Panepistimio, Ergastērio Hellēnikēs Mousikēs, Vivliothēkē</subfield>
         <subfield code="c">Kérkyra</subfield>
         <subfield code="g">GR-KEiums</subfield>
      </datafield>
      <datafield tag="368" ind1=" " ind2=" ">
         <subfield code="a">Institution</subfield>
         <subfield code="a">Library</subfield>
      </datafield>
      <datafield tag="370" ind1=" " ind2=" ">
         <subfield code="c">Greece</subfield>
         <subfield code="e">Corfu</subfield>
      </datafield>
      <datafield tag="371" ind1=" " ind2=" ">
         <subfield code="a">Palaia Anaktora, Dytikē Pteryga</subfield>
         <subfield code="b">Kerkyra</subfield>
         <subfield code="d">Hellas</subfield>
         <subfield code="e">49100</subfield>
         <subfield code="m">eremus@ionio.gr</subfield>
         <subfield code="u">https://users.ionio.gr/~GreekMus/library.htm</subfield>
         <subfield code="z">2661087731</subfield>
      </datafield>
      <datafield tag="371" ind1=" " ind2=" ">
         <subfield code="a">Old Palace, West Wing</subfield>
         <subfield code="b">Corfu</subfield>
         <subfield code="d">Greece</subfield>
         <subfield code="e">49100</subfield>
         <subfield code="m">eremus@ionio.gr</subfield>
         <subfield code="u">https://users.ionio.gr/~GreekMus/library.htm</subfield>
         <subfield code="z">2661087731</subfield>
      </datafield>
      <datafield tag="410" ind1=" " ind2=" ">
         <subfield code="a">Βιβλιοθήκη Εργαστηρίου Ελληνικής Μουσικής</subfield>
      </datafield>
      <datafield tag="410" ind1=" " ind2=" ">
         <subfield code="a">Hellenic Music Research Lab Library</subfield>
      </datafield>
      <datafield tag="410" ind1=" " ind2=" ">
         <subfield code="a">HMRL Library</subfield>
      </datafield>
      <datafield tag="410" ind1=" " ind2=" ">
         <subfield code="a">Ionian University, Dept. of Music Studies, Hellenic Music Research Lab Library</subfield>
      </datafield>
      <datafield tag="510" ind1="2" ind2=" ">
         <subfield code="a">Ιόνιο Πανεπιστήμιο, Εργαστήριο Ελληνικής Μουσικής, Βιβλιοθήκη</subfield>
      </datafield>
      <datafield tag="510" ind1="2" ind2=" ">
         <subfield code="a">Ionian University, Hellenic Music Research Lab Library</subfield>
      </datafield>
      <datafield tag="551" ind1="1" ind2=" ">
         <subfield code="a">Kérkyra</subfield>
         <subfield code="0">places/3904636</subfield>
      </datafield>
      <datafield tag="678" ind1="1" ind2=" ">
         <subfield code="a">The Hellenic Music Research Lab was founded in 2000 and its library operates since 2008. It serves the study of history, aesthetics, theory, analysis, and the promotion of Hellenic Music (ancient, medieval and contemporary) with a special emphasis on its scholarly forms.</subfield>
      </datafield>
      <datafield tag="680" ind1="1" ind2=" ">
         <subfield code="a">The former RISM library siglum was GR-Kms.</subfield>
      </datafield>
      <datafield tag="680" ind1="1" ind2=" ">
         <subfield code="a">Limited access.</subfield>
      </datafield>
      <datafield tag="680" ind1="1" ind2=" ">
         <subfield code="a">No loan.</subfield>
      </datafield>
      <datafield tag="680" ind1="1" ind2=" ">
         <subfield code="a">Acquisitions by gifts, donations.</subfield>
      </datafield>
      <datafield tag="680" ind1="1" ind2=" ">
         <subfield code="a">Reproduction services.</subfield>
      </datafield>
      <datafield tag="680" ind1="1" ind2=" ">
         <subfield code="a">Theodore Antoniou Archive</subfield>
      </datafield>
      <datafield tag="680" ind1="1" ind2=" ">
         <subfield code="a">Kalaphatēs Vasilēs Archive</subfield>
      </datafield>
      <datafield tag="680" ind1="1" ind2=" ">
         <subfield code="a">Xanthoudakēs Charēs Archive</subfield>
      </datafield>
      <datafield tag="680" ind1="1" ind2=" ">
         <subfield code="a">Greek Composers Archive</subfield>
      </datafield>
      <datafield tag="680" ind1="1" ind2=" ">
         <subfield code="a">Alexēs Zakythinos Archive</subfield>
      </datafield>
      <datafield tag="856" ind1="1" ind2=" ">
         <subfield code="u">https://opac.seab.gr/search~S9*gre</subfield>
         <subfield code="z">Ionian University Library and Information Online Public Access Catalog</subfield>
      </datafield>
   </record>