
   <record>
      <leader>00000nz  a2200000nc 4500</leader>
      <controlfield tag="001">institutions/30006012</controlfield>
      <controlfield tag="003">DE-633</controlfield>
      <controlfield tag="005">20250620052044.0</controlfield>
      <controlfield tag="008">161109||||z|||a|||||||||||||||||n||||||d</controlfield>
      <datafield tag="024" ind1="7" ind2=" ">
         <subfield code="a">GR-KEpg</subfield>
         <subfield code="q">siglum</subfield>
         <subfield code="2">rism</subfield>
      </datafield>
      <datafield tag="034" ind1="1" ind2=" ">
         <subfield code="d">19.898339</subfield>
         <subfield code="f">39.562123</subfield>
      </datafield>
      <datafield tag="040" ind1=" " ind2=" ">
         <subfield code="a">DE-633</subfield>
         <subfield code="c">DE-633</subfield>
         <subfield code="e">rismg</subfield>
      </datafield>
      <datafield tag="043" ind1=" " ind2=" ">
         <subfield code="c">XA-GR</subfield>
      </datafield>
      <datafield tag="110" ind1="1" ind2=" ">
         <subfield code="a">Philarmonikē Hetaireia Gastouriou "Omonoia"</subfield>
         <subfield code="c">Kérkyra</subfield>
         <subfield code="g">GR-KEpg</subfield>
      </datafield>
      <datafield tag="368" ind1=" " ind2=" ">
         <subfield code="a">Other</subfield>
      </datafield>
      <datafield tag="370" ind1=" " ind2=" ">
         <subfield code="c">Greece</subfield>
         <subfield code="e">Corfu</subfield>
      </datafield>
      <datafield tag="371" ind1=" " ind2=" ">
         <subfield code="b">Gastouri</subfield>
         <subfield code="c">Corfu island</subfield>
         <subfield code="d">Greece</subfield>
         <subfield code="e">49084</subfield>
         <subfield code="m">fgomonoia@gmail.com</subfield>
         <subfield code="u">http://www.bandgastouri.gr/, https://www.facebook.com/gastouriband/</subfield>
         <subfield code="z">2661056308</subfield>
      </datafield>
      <datafield tag="410" ind1=" " ind2=" ">
         <subfield code="a">Philarmonic Society of Gastouri "Omonoia"</subfield>
      </datafield>
      <datafield tag="410" ind1=" " ind2=" ">
         <subfield code="a">Φιλαρμονική Εταιρεία Γαστουρίου "Ομόνοια"</subfield>
      </datafield>
      <datafield tag="551" ind1="1" ind2=" ">
         <subfield code="a">Kérkyra</subfield>
         <subfield code="0">places/3904636</subfield>
      </datafield>
      <datafield tag="670" ind1="1" ind2=" ">
         <subfield code="a">RatliffD 2017</subfield>
         <subfield code="u">https://www.eeme.gr/images/stories/documents/dkoniari/Bazmadelis_2017_DirE_book.pdf</subfield>
         <subfield code="0">publications/41002158</subfield>
      </datafield>
      <datafield tag="670" ind1="1" ind2=" ">
         <subfield code="a">Kokkinēs 1970</subfield>
         <subfield code="0">publications/50006983</subfield>
      </datafield>
      <datafield tag="678" ind1="1" ind2=" ">
         <subfield code="a">Est 1938 as a music and dramatic school for young people, the Society maintains a music library for use of its members and students. It is a primarily working collection of band music. Aside from published scores and parts of European music there is an important collection of MS parts of arrangements and original works by European and Greek composers. Many of the MSS are gifts from copyists/arrangers such as Spyros Argalias and Spyros Belōnēs. The Navy Band has also given music to the Society. In addition to serious music there are also Greek folk dances and “kantades”, folk songs typical of the Ionian Islands. Not generally open to the public and no regular hours of operation, but application for admission may be made directly to the Society.</subfield>
      </datafield>
      <datafield tag="680" ind1="1" ind2=" ">
         <subfield code="a">The former RISM library siglum was GR-Kpg.</subfield>
      </datafield>
   </record>