
   <record>
      <leader>00000nz  a2200000nc 4500</leader>
      <controlfield tag="001">institutions/30006011</controlfield>
      <controlfield tag="003">DE-633</controlfield>
      <controlfield tag="005">20250620052044.0</controlfield>
      <controlfield tag="008">161109||||z|||a|||||||||||||||||n||||||d</controlfield>
      <datafield tag="024" ind1="7" ind2=" ">
         <subfield code="a">GR-KEpk</subfield>
         <subfield code="q">siglum</subfield>
         <subfield code="2">rism</subfield>
      </datafield>
      <datafield tag="034" ind1="1" ind2=" ">
         <subfield code="d">19.923234035356405</subfield>
         <subfield code="f">39.624255730842215</subfield>
      </datafield>
      <datafield tag="040" ind1=" " ind2=" ">
         <subfield code="a">DE-633</subfield>
         <subfield code="c">DE-633</subfield>
         <subfield code="e">rismg</subfield>
      </datafield>
      <datafield tag="043" ind1=" " ind2=" ">
         <subfield code="c">XA-GR</subfield>
      </datafield>
      <datafield tag="110" ind1="1" ind2=" ">
         <subfield code="a">Philarmonikē Hetaireia Kerkyras</subfield>
         <subfield code="c">Kérkyra</subfield>
         <subfield code="g">GR-KEpk</subfield>
      </datafield>
      <datafield tag="368" ind1=" " ind2=" ">
         <subfield code="a">Other</subfield>
      </datafield>
      <datafield tag="370" ind1=" " ind2=" ">
         <subfield code="c">Greece</subfield>
         <subfield code="e">Corfu</subfield>
      </datafield>
      <datafield tag="371" ind1=" " ind2=" ">
         <subfield code="a">Nikiforou Theotoki 10</subfield>
         <subfield code="b">Corfu</subfield>
         <subfield code="c">Corfu</subfield>
         <subfield code="d">Greece</subfield>
         <subfield code="e">49100</subfield>
         <subfield code="m">info@fek.gr</subfield>
         <subfield code="u">http://www.fek.gr/</subfield>
         <subfield code="z">tel 2661039289, fax 2661038765</subfield>
      </datafield>
      <datafield tag="510" ind1="2" ind2=" ">
         <subfield code="a">Φιλαρμονική Εταιρεία Κερκύρας</subfield>
      </datafield>
      <datafield tag="510" ind1="2" ind2=" ">
         <subfield code="a">Philarmonic Society of Corfu</subfield>
      </datafield>
      <datafield tag="551" ind1="1" ind2=" ">
         <subfield code="a">Kérkyra</subfield>
         <subfield code="0">places/3904636</subfield>
      </datafield>
      <datafield tag="670" ind1="1" ind2=" ">
         <subfield code="a">RatliffD 2017</subfield>
         <subfield code="u">https://www.eeme.gr/images/stories/documents/dkoniari/Bazmadelis_2017_DirE_book.pdf</subfield>
         <subfield code="0">publications/41002158</subfield>
      </datafield>
      <datafield tag="670" ind1="1" ind2=" ">
         <subfield code="a">Kokkinēs 1970</subfield>
         <subfield code="0">publications/50006983</subfield>
      </datafield>
      <datafield tag="670" ind1="1" ind2=" ">
         <subfield code="a">Cultural Societies 1966</subfield>
         <subfield code="0">publications/50006984</subfield>
      </datafield>
      <datafield tag="670" ind1="1" ind2=" ">
         <subfield code="a">Cultural Societies 1975</subfield>
         <subfield code="0">publications/50006985</subfield>
      </datafield>
      <datafield tag="680" ind1="1" ind2=" ">
         <subfield code="a">The former RISM library siglum was GR-Kpk.</subfield>
      </datafield>
      <datafield tag="680" ind1="1" ind2=" ">
         <subfield code="a">Rōmanou, Kaitē. «Ένα αρχείο ‘Κρητικής Μουσικής’ στη Φιλαρμονική Εταιρεία Κερκύρας». Μουσικολογία 12-13. (2000): 175-188.</subfield>
      </datafield>
      <datafield tag="680" ind1="1" ind2=" ">
         <subfield code="a">Papadatou, Marina Ch. «Η φιλαρμονική εταιρεία Κέρκυρας από το έτος συστάσεως της 1840 μέχρι τα τέλη του 19ου αιώνα». MA Thesis. Aristotle University of Thessaloniki, 1993. https://sophia.mus.auth.gr/xmlui/handle/123456789/779</subfield>
      </datafield>
      <datafield tag="680" ind1="1" ind2=" ">
         <subfield code="a">Kardamēs, Kōstas. Έξι μελέτες για τη φιλαρμονική εταιρεία Κέρκυρας. Kerkyra: Philarmonikē Hetaireia Kerkyras, 2010.</subfield>
      </datafield>
      <datafield tag="680" ind1="1" ind2=" ">
         <subfield code="a">Kardamēs, Kōstas.«Το αρχείο της Φιλαρμονικής Εταιρείας Κερκύρας: Ιστορική αναδρομή και πολιτικές ανάδειξης». 1st Conference of Greek Music Libraries, 21-22 April 2017, Athens. Edited by Aris Bazmadelis, Valia Vraka, Vera Kriezi, Christina Theodorika, Alexandros Charkiolakis. Athēna: Herodotos, [u.p].</subfield>
      </datafield>
   </record>