
   <record>
      <leader>00000nz  a2200000nc 4500</leader>
      <controlfield tag="001">institutions/30005971</controlfield>
      <controlfield tag="003">DE-633</controlfield>
      <controlfield tag="005">20250620052043.0</controlfield>
      <controlfield tag="008">161109||||z|||a|||||||||||||||||n||||||d</controlfield>
      <datafield tag="024" ind1="7" ind2=" ">
         <subfield code="a">44159032783401182542</subfield>
         <subfield code="2">VIAF</subfield>
      </datafield>
      <datafield tag="024" ind1="7" ind2=" ">
         <subfield code="a">GR-KEpm</subfield>
         <subfield code="q">siglum</subfield>
         <subfield code="2">rism</subfield>
      </datafield>
      <datafield tag="034" ind1="1" ind2=" ">
         <subfield code="d">19.9199828</subfield>
         <subfield code="f">39.625249</subfield>
      </datafield>
      <datafield tag="040" ind1=" " ind2=" ">
         <subfield code="a">DE-633</subfield>
         <subfield code="c">DE-633</subfield>
         <subfield code="e">rismg</subfield>
      </datafield>
      <datafield tag="043" ind1=" " ind2=" ">
         <subfield code="c">XA-GR</subfield>
      </datafield>
      <datafield tag="110" ind1="1" ind2=" ">
         <subfield code="a">Philarmonikē Hetaireia Mantzaros</subfield>
         <subfield code="c">Kérkyra</subfield>
         <subfield code="g">GR-KEpm</subfield>
      </datafield>
      <datafield tag="368" ind1=" " ind2=" ">
         <subfield code="a">Institution</subfield>
      </datafield>
      <datafield tag="368" ind1=" " ind2=" ">
         <subfield code="a">Library</subfield>
      </datafield>
      <datafield tag="371" ind1=" " ind2=" ">
         <subfield code="a">Philharmonikēs 23</subfield>
         <subfield code="b">Kerkyra</subfield>
         <subfield code="c">Kerkyra</subfield>
         <subfield code="d">Greece</subfield>
         <subfield code="e">49131</subfield>
         <subfield code="m">info@femantzaros.com</subfield>
         <subfield code="u">www.femantzaros.com</subfield>
         <subfield code="z">tel: +30 / 2661037004</subfield>
      </datafield>
      <datafield tag="371" ind1=" " ind2=" ">
         <subfield code="a">Φιλαρμονικής 23</subfield>
         <subfield code="b">Κέρκυρα</subfield>
         <subfield code="c">Κέρκυρα</subfield>
         <subfield code="d">Ελλάδα</subfield>
         <subfield code="e">49100</subfield>
         <subfield code="m">info@femantzaros.com</subfield>
         <subfield code="u">www.femantzaros.com</subfield>
         <subfield code="z">tel: +30 / 2661037004</subfield>
      </datafield>
      <datafield tag="410" ind1=" " ind2=" ">
         <subfield code="a">Philarmonic Society of Mantzaros</subfield>
      </datafield>
      <datafield tag="410" ind1=" " ind2=" ">
         <subfield code="a">Philharmonic Society "Mantzaros"</subfield>
      </datafield>
      <datafield tag="410" ind1=" " ind2=" ">
         <subfield code="a">Palaia Philharmonikē</subfield>
      </datafield>
      <datafield tag="410" ind1=" " ind2=" ">
         <subfield code="a">Old Philharmonic</subfield>
      </datafield>
      <datafield tag="551" ind1="1" ind2=" ">
         <subfield code="a">Kérkyra</subfield>
         <subfield code="0">places/3904636</subfield>
      </datafield>
      <datafield tag="678" ind1="1" ind2=" ">
         <subfield code="a">The core of the founders of "Mantzaros", comes from a socialist group, which was active in Corfu in early 1890. Before June in 1890, it was prepared the creation of the precursor form of the band. The first regulation, including 28 articles, was voted at a meeting at the Saturday night on June 21, a meeting which should be considered as the establishment of the new club.</subfield>
      </datafield>
      <datafield tag="680" ind1="1" ind2=" ">
         <subfield code="a">The former RISM library siglum was GR-Kpm.</subfield>
      </datafield>
   </record>