
   <record>
      <leader>00000nz  a2200000nc 4500</leader>
      <controlfield tag="001">institutions/30081071</controlfield>
      <controlfield tag="003">DE-633</controlfield>
      <controlfield tag="005">20250620052135.0</controlfield>
      <controlfield tag="008">161109||||z|||a|||||||||||||||||n||||||d</controlfield>
      <datafield tag="024" ind1="7" ind2=" ">
         <subfield code="a">GR-KΕmm</subfield>
         <subfield code="q">siglum</subfield>
         <subfield code="2">rism</subfield>
      </datafield>
      <datafield tag="034" ind1="1" ind2=" ">
         <subfield code="d">19.9232394</subfield>
         <subfield code="f">39.6242485</subfield>
      </datafield>
      <datafield tag="040" ind1=" " ind2=" ">
         <subfield code="a">DE-633</subfield>
         <subfield code="c">DE-633</subfield>
         <subfield code="e">rismg</subfield>
      </datafield>
      <datafield tag="043" ind1=" " ind2=" ">
         <subfield code="c">XA-GR</subfield>
      </datafield>
      <datafield tag="110" ind1="1" ind2=" ">
         <subfield code="a">Music Museum of the Corfu Philharmonic Society</subfield>
         <subfield code="c">Kérkyra</subfield>
         <subfield code="g">GR-KΕmm</subfield>
      </datafield>
      <datafield tag="368" ind1=" " ind2=" ">
         <subfield code="a">Institution</subfield>
      </datafield>
      <datafield tag="368" ind1=" " ind2=" ">
         <subfield code="a">Museum</subfield>
      </datafield>
      <datafield tag="370" ind1=" " ind2=" ">
         <subfield code="c">Greece</subfield>
         <subfield code="e">Corfu</subfield>
      </datafield>
      <datafield tag="371" ind1=" " ind2=" ">
         <subfield code="a">Nikiphorou Theotokē 10</subfield>
         <subfield code="b">Kerkyra</subfield>
         <subfield code="c">Kerkyra</subfield>
         <subfield code="d">Greece</subfield>
         <subfield code="e">49100</subfield>
         <subfield code="m">info@museum.fek.gr</subfield>
         <subfield code="u">https://independent.academia.edu/MusicMuseumCorfuPhilharmonicSociety</subfield>
         <subfield code="u">https://twitter.com/CorfuMusMuseum</subfield>
         <subfield code="u">www.fek.gr</subfield>
         <subfield code="z">tel: +30 / 2661038765</subfield>
      </datafield>
      <datafield tag="371" ind1=" " ind2=" ">
         <subfield code="a">Νικηφόρου Θεοτόκη 10</subfield>
         <subfield code="b">Κέρκυρα</subfield>
         <subfield code="c">Κέρκυρα</subfield>
         <subfield code="d">Ελλάδα</subfield>
         <subfield code="e">49100</subfield>
         <subfield code="m">info@museum.fek.gr</subfield>
         <subfield code="u">www.fek.gr</subfield>
         <subfield code="z">tel: +30 / 2661038765</subfield>
      </datafield>
      <datafield tag="410" ind1=" " ind2=" ">
         <subfield code="a">Αρχείο και Μουσείο Φιλαρμονικής Εταιρείας Κερκύρας</subfield>
      </datafield>
      <datafield tag="410" ind1=" " ind2=" ">
         <subfield code="a">Μουσείο Μουσικής Φιλαρμονικής Εταιρείας Κερκύρας</subfield>
      </datafield>
      <datafield tag="410" ind1=" " ind2=" ">
         <subfield code="a">Φιλαρμονική Εταιρεία Κερκύρας</subfield>
      </datafield>
      <datafield tag="410" ind1=" " ind2=" ">
         <subfield code="a">Corfu Philharmonic Society Archive and Museum</subfield>
      </datafield>
      <datafield tag="410" ind1=" " ind2=" ">
         <subfield code="a">Corfu Philharmonic Society</subfield>
      </datafield>
      <datafield tag="410" ind1=" " ind2=" ">
         <subfield code="a">Philharmonic "Palea"</subfield>
      </datafield>
      <datafield tag="410" ind1=" " ind2=" ">
         <subfield code="a">Philharmonic Society of Corfu</subfield>
      </datafield>
      <datafield tag="410" ind1=" " ind2=" ">
         <subfield code="a">Old Philharmonic</subfield>
      </datafield>
      <datafield tag="551" ind1="1" ind2=" ">
         <subfield code="a">Kérkyra</subfield>
         <subfield code="0">places/3904636</subfield>
      </datafield>
      <datafield tag="670" ind1="1" ind2=" ">
         <subfield code="a">RatliffD 2017</subfield>
         <subfield code="u">https://www.eeme.gr/images/stories/documents/dkoniari/Bazmadelis_2017_DirE_book.pdf</subfield>
         <subfield code="0">publications/41002158</subfield>
      </datafield>
      <datafield tag="678" ind1="1" ind2=" ">
         <subfield code="a">The Corfu Philharmonic Society was founded in 1840 and operates ever since to support the study of music and culture of the Ionian Islands. Its Museum accordingly was founded in 2010.</subfield>
      </datafield>
      <datafield tag="680" ind1="1" ind2=" ">
         <subfield code="a">Κ. Καρδάμης. Έξι μελέτες για τη Φιλαρμονική Εταιρεία Κερκύρας στα «Δημοσιεύματα του Μουσείου Μουσική 'Νικόλαος Χαλικιόπουλος Μάντζαρος'» (Κέρκυρα: Φιλαρμονική Εταιρεία Κερκύρας. 2010). ISBN: 978-960-99715-0-8</subfield>
      </datafield>
      <datafield tag="680" ind1="1" ind2=" ">
         <subfield code="a">Κ. Καρδάμης. «To Μουσείο και Αρχείο της Φιλαρμονικής Εταιρείας Κερκύρας». ανακοινωση στο 1ο Συνέδριο Μουσικών Βιβλιοθηκών &amp; Αρχείων του Ελληνικού Παραρτήματος της IAML (Αθήνα. Μεγάλη Μουσική Βιλιοθήκη της Ελλάδος 'Λίλιαν Βουδούρη'. 21-22.4.2017)</subfield>
      </datafield>
      <datafield tag="680" ind1="1" ind2=" ">
         <subfield code="a">«Ο Διονύσιος Ροδοθεάτος και τα συμφωνικά έργα του». Μουσικός Ελληνομνήμων 1 (Σεπτέμβριος–Δεκέμβριος 2008). 18–23</subfield>
      </datafield>
      <datafield tag="680" ind1="1" ind2=" ">
         <subfield code="a">«"Ερχόντουν η μουζική της φιλαρμονικής μέσα εις ένα μπατέλο": Μουσική και πολιτική στην Κέρκυρα του 1850». Μουσικός Ελληνομνήνων 18-19 (Μάιος-Δεκέμβριος 2014). 3-23</subfield>
      </datafield>
      <datafield tag="680" ind1="1" ind2=" ">
         <subfield code="a">«"Ερχόντουν η μουζική της φιλαρμονικής μέσα εις ένα μπατέλο": Μουσική και πολιτική στην Κέρκυρα του 1850». Μουσικός Ελληνομνήνων 18-19 (Μάιος-Δεκέμβριος 2014). 3-23</subfield>
      </datafield>
      <datafield tag="680" ind1="1" ind2=" ">
         <subfield code="a">Καίτη Ρωμανού κ.α.. Η μουσική βιβλιοθήκη της Φιλαρμονικής Εταιρείας Κερκύρας. Κουλτούρα. Αθήνα 2004.</subfield>
      </datafield>
      <datafield tag="680" ind1="1" ind2=" ">
         <subfield code="a">Kostas Kardamis, «The music of the Ionian Islands and its contribution to the emergence of "Greek National Music"», Anthony Hirst, Patrick Sammon (επιμ.), The Ionian Islands. Aspects of their History and Culture (Newcastle upon Tyne: Cambridge Scholars Publishing, 2014), 340-366</subfield>
      </datafield>
      <datafield tag="856" ind1="1" ind2=" ">
         <subfield code="u">http://iamlgreece.eu/vivliothikes-kai-arxeia-me-mousiko-yliko/</subfield>
         <subfield code="z">Online map with music collections in Greece. AMA WG GR IAML</subfield>
      </datafield>
   </record>