
   <record>
      <leader>00000nz  a2200000nc 4500</leader>
      <controlfield tag="001">institutions/30006013</controlfield>
      <controlfield tag="003">DE-633</controlfield>
      <controlfield tag="005">20250620052044.0</controlfield>
      <controlfield tag="008">161109||||z|||a|||||||||||||||||n||||||d</controlfield>
      <datafield tag="024" ind1="7" ind2=" ">
         <subfield code="a">GR-KΕps</subfield>
         <subfield code="q">siglum</subfield>
         <subfield code="2">rism</subfield>
      </datafield>
      <datafield tag="034" ind1="1" ind2=" ">
         <subfield code="d">19.773808</subfield>
         <subfield code="f">39.700520</subfield>
      </datafield>
      <datafield tag="040" ind1=" " ind2=" ">
         <subfield code="a">DE-633</subfield>
         <subfield code="c">DE-633</subfield>
         <subfield code="e">rismg</subfield>
      </datafield>
      <datafield tag="043" ind1=" " ind2=" ">
         <subfield code="c">XA-GR</subfield>
      </datafield>
      <datafield tag="110" ind1="1" ind2=" ">
         <subfield code="a">Philarmonikos Syllogos Skriperou</subfield>
         <subfield code="c">Kérkyra</subfield>
         <subfield code="g">GR-KΕps</subfield>
      </datafield>
      <datafield tag="368" ind1=" " ind2=" ">
         <subfield code="a">Other</subfield>
      </datafield>
      <datafield tag="370" ind1=" " ind2=" ">
         <subfield code="c">Greece</subfield>
         <subfield code="e">Corfu</subfield>
      </datafield>
      <datafield tag="371" ind1=" " ind2=" ">
         <subfield code="b">Skripero</subfield>
         <subfield code="c">Corfu Island</subfield>
         <subfield code="d">Greece</subfield>
         <subfield code="e">49083</subfield>
         <subfield code="m">bandofskripero@gmail.com</subfield>
         <subfield code="u">www.skriperoband.com</subfield>
      </datafield>
      <datafield tag="371" ind1=" " ind2=" ">
         <subfield code="b">Σκριπερό</subfield>
         <subfield code="c">Κέρκυρα</subfield>
         <subfield code="d">Ελλάδα</subfield>
         <subfield code="e">49083</subfield>
         <subfield code="m">bandofskripero@gmail.com</subfield>
         <subfield code="u">www.skriperoband.com, https://www.facebook.com/groups/33332150507/</subfield>
      </datafield>
      <datafield tag="510" ind1="2" ind2=" ">
         <subfield code="a">Φιλαρμονικός Σύλλογος Σκριπερού</subfield>
      </datafield>
      <datafield tag="510" ind1="2" ind2=" ">
         <subfield code="a">Philarmonic  Association of Skripero</subfield>
      </datafield>
      <datafield tag="551" ind1="1" ind2=" ">
         <subfield code="a">Kérkyra</subfield>
         <subfield code="0">places/3904636</subfield>
      </datafield>
      <datafield tag="670" ind1="1" ind2=" ">
         <subfield code="a">RatliffD 2017</subfield>
         <subfield code="u">https://www.eeme.gr/images/stories/documents/dkoniari/Bazmadelis_2017_DirE_book.pdf</subfield>
         <subfield code="0">publications/41002158</subfield>
      </datafield>
      <datafield tag="678" ind1="1" ind2=" ">
         <subfield code="a">The Skriperos Philharmonic Association was founded on May 3, 1909 in the village of Skriperos, located 18 km NW of the city of Corfu. It is the fourth band in a row, out of the 20 in total that operate on the island. The purpose of its establishment was and is to provide free music education to young people in the area and their participation with the Philharmonic in cultural events of wider interest. Since its foundation, it has participated in a number of social, cultural, religious and educational events, with an average of 50 public appearances annually with the band, bandina (youth band) and chamber music ensembles operating in the Philharmonic. A bi annual newsletter is published, promoting Association's actions.</subfield>
      </datafield>
      <datafield tag="680" ind1="1" ind2=" ">
         <subfield code="a">The former RISM library siglum was GR-Kps.</subfield>
      </datafield>
   </record>