
   <record>
      <leader>00000nz  a2200000nc 4500</leader>
      <controlfield tag="001">institutions/30006007</controlfield>
      <controlfield tag="003">DE-633</controlfield>
      <controlfield tag="005">20250620052044.0</controlfield>
      <controlfield tag="008">161109||||z|||a|||||||||||||||||n||||||d</controlfield>
      <datafield tag="024" ind1="7" ind2=" ">
         <subfield code="a">GR-NApl</subfield>
         <subfield code="q">siglum</subfield>
         <subfield code="2">rism</subfield>
      </datafield>
      <datafield tag="034" ind1="1" ind2=" ">
         <subfield code="d">22.79891004088085</subfield>
         <subfield code="f">37.566555630446004</subfield>
      </datafield>
      <datafield tag="040" ind1=" " ind2=" ">
         <subfield code="a">DE-633</subfield>
         <subfield code="c">DE-633</subfield>
         <subfield code="e">rismg</subfield>
      </datafield>
      <datafield tag="043" ind1=" " ind2=" ">
         <subfield code="c">XA-GR</subfield>
      </datafield>
      <datafield tag="110" ind1="1" ind2=" ">
         <subfield code="a">Peleponnēsiako Laographiko Hidryma</subfield>
         <subfield code="c">Náfplion</subfield>
         <subfield code="g">GR-NApl</subfield>
      </datafield>
      <datafield tag="368" ind1=" " ind2=" ">
         <subfield code="a">Library</subfield>
      </datafield>
      <datafield tag="368" ind1=" " ind2=" ">
         <subfield code="a">Museum</subfield>
      </datafield>
      <datafield tag="368" ind1=" " ind2=" ">
         <subfield code="a">Institution</subfield>
      </datafield>
      <datafield tag="370" ind1=" " ind2=" ">
         <subfield code="c">Greece</subfield>
         <subfield code="e">Nafplion</subfield>
         <subfield code="e">Nauplion</subfield>
      </datafield>
      <datafield tag="371" ind1=" " ind2=" ">
         <subfield code="a">Vassileos Alexandrou 1</subfield>
         <subfield code="b">Nafplion</subfield>
         <subfield code="c">Peloponnese</subfield>
         <subfield code="d">Greece</subfield>
         <subfield code="e">21100</subfield>
         <subfield code="u">www.pli.gr</subfield>
         <subfield code="z">+302752027960</subfield>
      </datafield>
      <datafield tag="510" ind1="2" ind2=" ">
         <subfield code="a">Peleponnesian Folklore Foundation</subfield>
      </datafield>
      <datafield tag="510" ind1="2" ind2=" ">
         <subfield code="a">Πελοποννησιακό Λαογραφικό Ίδρυμα</subfield>
      </datafield>
      <datafield tag="551" ind1="1" ind2=" ">
         <subfield code="a">Náfplion</subfield>
         <subfield code="0">places/3904641</subfield>
      </datafield>
      <datafield tag="670" ind1="1" ind2=" ">
         <subfield code="a">RatliffD 2017</subfield>
         <subfield code="u">https://www.eeme.gr/images/stories/documents/dkoniari/Bazmadelis_2017_DirE_book.pdf</subfield>
         <subfield code="0">publications/41002158</subfield>
      </datafield>
      <datafield tag="678" ind1="1" ind2=" ">
         <subfield code="a">Est in 1974 for “research, preservation, study, and presentation of the material culture of the Peloponnese as well as of the whole of Greece” Aside from the more than 10.000 objects of folk art (costumes, fabrics, utensils, furniture etc.) there are more than 70 musical instruments and bells, an important collection of audio-visual documents and other rare material. The Foundation publishes books, is issuing a series of Greek folk music recordings, and has produced documentary films. The scientific review “Ethnographika” features articles of musicological interest along with other folklore studies. Open to the public. , Library has 12.000 books and 250 periodical publications covering fields of Ethnograpfhy, Costume, Traditional Dance and Music.</subfield>
      </datafield>
      <datafield tag="680" ind1="1" ind2=" ">
         <subfield code="a">The former RISM library siglum was GR-Npl.</subfield>
      </datafield>
   </record>