
   <record>
      <leader>00000nz  a2200000nc 4500</leader>
      <controlfield tag="001">institutions/30006002</controlfield>
      <controlfield tag="003">DE-633</controlfield>
      <controlfield tag="005">20250620052044.0</controlfield>
      <controlfield tag="008">161109||||z|||a|||||||||||||||||n||||||d</controlfield>
      <datafield tag="024" ind1="7" ind2=" ">
         <subfield code="a">GR-THaums</subfield>
         <subfield code="q">siglum</subfield>
         <subfield code="2">rism</subfield>
      </datafield>
      <datafield tag="034" ind1="1" ind2=" ">
         <subfield code="d">23.001621</subfield>
         <subfield code="f">40.564720</subfield>
      </datafield>
      <datafield tag="040" ind1=" " ind2=" ">
         <subfield code="a">DE-633</subfield>
         <subfield code="c">DE-633</subfield>
         <subfield code="e">rismg</subfield>
      </datafield>
      <datafield tag="043" ind1=" " ind2=" ">
         <subfield code="c">XA-GR</subfield>
      </datafield>
      <datafield tag="110" ind1="1" ind2=" ">
         <subfield code="a">Aristoteleio Panepistēmio Thessalonikēs,Tmēma Mousikōn Spoudōn,  Vivliothēkē</subfield>
         <subfield code="c">Thessalonikē</subfield>
         <subfield code="g">GR-THaums</subfield>
      </datafield>
      <datafield tag="368" ind1=" " ind2=" ">
         <subfield code="a">Library</subfield>
      </datafield>
      <datafield tag="368" ind1=" " ind2=" ">
         <subfield code="a">Institution</subfield>
      </datafield>
      <datafield tag="371" ind1=" " ind2=" ">
         <subfield code="a">Old Road Thessaloniki - Thermi</subfield>
         <subfield code="b">Thermi, Thessaloniki</subfield>
         <subfield code="c">Thessaloniki</subfield>
         <subfield code="d">Greece</subfield>
         <subfield code="e">57001</subfield>
         <subfield code="m">library@mus.auth.gr</subfield>
         <subfield code="u">https://www.mus.auth.gr</subfield>
         <subfield code="u">https://www.lib.auth.gr</subfield>
         <subfield code="z">+302310991822</subfield>
      </datafield>
      <datafield tag="371" ind1=" " ind2=" ">
         <subfield code="a">Παλαιά Οδός Θεσσαλονίκης - Θέρμης</subfield>
         <subfield code="b">Θέρμη Θεσσαλονίκης</subfield>
         <subfield code="c">Θεσσαλονίκη</subfield>
         <subfield code="d">Ελλάδα</subfield>
         <subfield code="e">57001</subfield>
         <subfield code="m">library@mus.auth.gr</subfield>
         <subfield code="u">https://www.mus.auth.gr</subfield>
         <subfield code="u">https://www.lib.auth.gr</subfield>
         <subfield code="z">+302310991822</subfield>
      </datafield>
      <datafield tag="410" ind1=" " ind2=" ">
         <subfield code="a">Βιβλιοθήκη Μουσικολογίας Αριστοτελείου Πανεπιστημίου Θεσσαλονίκης</subfield>
      </datafield>
      <datafield tag="510" ind1="2" ind2=" ">
         <subfield code="a">Αριστοτέλειο Πανεπιστήμιο Θεσσαλονίκης, Τμήμα  Μουσικών Σπουδών, Βιβλιοθήκη</subfield>
      </datafield>
      <datafield tag="510" ind1="2" ind2=" ">
         <subfield code="a">Aristotle University of Thessaloniki, School of Musical Studies,  Library</subfield>
      </datafield>
      <datafield tag="551" ind1="1" ind2=" ">
         <subfield code="a">Thessaloniki</subfield>
         <subfield code="0">places/3904640</subfield>
      </datafield>
      <datafield tag="667" ind1=" " ind2=" ">
         <subfield code="a">Published sources: 68</subfield>
      </datafield>
      <datafield tag="670" ind1="1" ind2=" ">
         <subfield code="a">RatliffD 2017</subfield>
         <subfield code="0">publications/41002158</subfield>
      </datafield>
      <datafield tag="678" ind1="1" ind2=" ">
         <subfield code="a">Exclusively music Library. Books on music, scores, audiovisual material, rare books, early prints, music MSS of the 20th cent (ca. 2.000 sheets of ecclesiastical and serious music). A Byzantine music parchment fragment of the 12th-13th cent and a 19th cent Byzantine Music MS (1 Papadikē) are on permanent loan to the Library by Aris Bazmadelis. Library contains MSS of 20th cent Greek composers of serious and ecclesiastical music (M. Kastellēs, M. Guinopoulos, N. Astrinidēs, N. Mavropoulos), as well as a large collection of traditional songs and thesis with music interest in the digital repository. The Library holds the traditional songs recordings collections of Panayiota-Hara Hristara (East Halkidiki 500 songs) and Athena Katsanevaki (Macedonia, Epirus, Crete, ca 12000 songs).</subfield>
      </datafield>
      <datafield tag="680" ind1="1" ind2=" ">
         <subfield code="a">The former RISM library siglum was GR-THms.</subfield>
      </datafield>
      <datafield tag="680" ind1="1" ind2=" ">
         <subfield code="a">Archival and other holdings: Archeio Byzantinōn Cheirographōn Nikolaou Mavropoulou, School of Music Studies, shelfmark LMS NM. Glory to the Lauds and stichera of Vespers and Matins of various Saints of the Eastern Orthodox Church are mostly included in the collection.</subfield>
      </datafield>
      <datafield tag="680" ind1="1" ind2=" ">
         <subfield code="a">Online repository: The online collection of the music manuscripts collection of Nikolaos Mavropoulos, provides access to digitized versions of about 70 Byzantine music scores. http://www.mus.auth.gr/cms/?q=en/node/2478</subfield>
      </datafield>
      <datafield tag="700" ind1="1" ind2=" ">
         <subfield code="a">Mavropoulos, Nikolaos</subfield>
         <subfield code="d">1888-1980</subfield>
         <subfield code="0">people/41010229</subfield>
         <subfield code="4">att</subfield>
      </datafield>
      <datafield tag="856" ind1="1" ind2=" ">
         <subfield code="u">https://search.lib.auth.gr</subfield>
         <subfield code="z">On-line catalog</subfield>
      </datafield>
      <datafield tag="856" ind1="1" ind2=" ">
         <subfield code="u">https://sophia.mus.auth.gr</subfield>
         <subfield code="z">Digital repository</subfield>
      </datafield>
   </record>