
   <record>
      <leader>00000nz  a2200000nc 4500</leader>
      <controlfield tag="001">institutions/30006006</controlfield>
      <controlfield tag="003">DE-633</controlfield>
      <controlfield tag="005">20250620052044.0</controlfield>
      <controlfield tag="008">161109||||z|||a|||||||||||||||||n||||||d</controlfield>
      <datafield tag="024" ind1="7" ind2=" ">
         <subfield code="a">GR-THauts</subfield>
         <subfield code="q">siglum</subfield>
         <subfield code="2">rism</subfield>
      </datafield>
      <datafield tag="034" ind1="1" ind2=" ">
         <subfield code="d">22.955084</subfield>
         <subfield code="f">40.631065</subfield>
      </datafield>
      <datafield tag="040" ind1=" " ind2=" ">
         <subfield code="a">DE-633</subfield>
         <subfield code="c">DE-633</subfield>
         <subfield code="e">rismg</subfield>
      </datafield>
      <datafield tag="043" ind1=" " ind2=" ">
         <subfield code="c">XA-GR</subfield>
      </datafield>
      <datafield tag="110" ind1="1" ind2=" ">
         <subfield code="a">Aristoteleio Panepistēmio Thessalonikēs,Theologhikē Scholē,  Vivliothēkē</subfield>
         <subfield code="c">Thessaloniki</subfield>
         <subfield code="g">GR-THauts</subfield>
      </datafield>
      <datafield tag="368" ind1=" " ind2=" ">
         <subfield code="a">Library</subfield>
      </datafield>
      <datafield tag="368" ind1=" " ind2=" ">
         <subfield code="a">Other</subfield>
      </datafield>
      <datafield tag="370" ind1=" " ind2=" ">
         <subfield code="c">Greece</subfield>
         <subfield code="e">Thessaloniki</subfield>
         <subfield code="e">Thessalonica</subfield>
      </datafield>
      <datafield tag="371" ind1=" " ind2=" ">
         <subfield code="a">Egnatia 156</subfield>
         <subfield code="b">Thessaloniki</subfield>
         <subfield code="c">Thessaloniki</subfield>
         <subfield code="d">Greece</subfield>
         <subfield code="e">546 36</subfield>
         <subfield code="u">www.lib.auth.gr</subfield>
         <subfield code="z">+302310996690</subfield>
      </datafield>
      <datafield tag="510" ind1="2" ind2=" ">
         <subfield code="a">Αριστοτέλειο Πανεπιστήμιο Θεσσαλονίκης, Θεολογική Σχολή, Βιβλιοθήκη</subfield>
      </datafield>
      <datafield tag="510" ind1="2" ind2=" ">
         <subfield code="a">Aristotle University of Thessaloniki, Faculty of Theological Studies, Library</subfield>
      </datafield>
      <datafield tag="551" ind1="1" ind2=" ">
         <subfield code="a">Thessaloniki</subfield>
         <subfield code="0">places/3904640</subfield>
      </datafield>
      <datafield tag="670" ind1="1" ind2=" ">
         <subfield code="a">RatliffD 2017</subfield>
         <subfield code="u">https://www.eeme.gr/images/stories/documents/dkoniari/Bazmadelis_2017_DirE_book.pdf</subfield>
         <subfield code="0">publications/41002158</subfield>
      </datafield>
      <datafield tag="678" ind1="1" ind2=" ">
         <subfield code="a">Library holds a collection of books on byzantine music, many of them of the 19th cent.  and rare audiovisual material.</subfield>
      </datafield>
      <datafield tag="680" ind1="1" ind2=" ">
         <subfield code="a">The former RISM library siglum was GR-THts.</subfield>
      </datafield>
   </record>