
   <record>
      <leader>00000nz  a2200000nc 4500</leader>
      <controlfield tag="001">institutions/30006004</controlfield>
      <controlfield tag="003">DE-633</controlfield>
      <controlfield tag="005">20250620052044.0</controlfield>
      <controlfield tag="008">161109||||z|||a|||||||||||||||||n||||||d</controlfield>
      <datafield tag="024" ind1="7" ind2=" ">
         <subfield code="a">GR-THdv</subfield>
         <subfield code="q">siglum</subfield>
         <subfield code="2">rism</subfield>
      </datafield>
      <datafield tag="034" ind1="1" ind2=" ">
         <subfield code="d">22.952009</subfield>
         <subfield code="f">40.629803</subfield>
      </datafield>
      <datafield tag="040" ind1=" " ind2=" ">
         <subfield code="a">DE-633</subfield>
         <subfield code="c">DE-633</subfield>
         <subfield code="e">rismg</subfield>
      </datafield>
      <datafield tag="043" ind1=" " ind2=" ">
         <subfield code="c">XA-GR</subfield>
      </datafield>
      <datafield tag="110" ind1="1" ind2=" ">
         <subfield code="a">Demotēkē Vivliothēkē Thessalonikēs</subfield>
         <subfield code="c">Thessaloniki</subfield>
         <subfield code="g">GR-THdv</subfield>
      </datafield>
      <datafield tag="368" ind1=" " ind2=" ">
         <subfield code="a">Library</subfield>
      </datafield>
      <datafield tag="371" ind1=" " ind2=" ">
         <subfield code="a">Ethnikis Amynis 27</subfield>
         <subfield code="b">Thessaloniki</subfield>
         <subfield code="c">Thessaloniki</subfield>
         <subfield code="d">Greece</subfield>
         <subfield code="e">546 21</subfield>
         <subfield code="u">https://thessaloniki.gr/locations/%ce%ba%ce%b5%ce%bd%cf%84%cf%81%ce%b9%ce%ba%ce%ae-%ce%b4%ce%b7%ce%bc%ce%bf%cf%84%ce%b9%ce%ba%ce%ae-%ce%b2%ce%b9%ce%b2%ce%bb%ce%b9%ce%bf%ce%b8%ce%ae%ce%ba%ce%b7-central-library/</subfield>
      </datafield>
      <datafield tag="510" ind1="2" ind2=" ">
         <subfield code="a">Δημοτική Βιβλιοθήκη Θεσσαλονίκης</subfield>
      </datafield>
      <datafield tag="510" ind1="2" ind2=" ">
         <subfield code="a">Municipal Library of Thessaloniki</subfield>
      </datafield>
      <datafield tag="551" ind1="1" ind2=" ">
         <subfield code="a">Thessaloniki</subfield>
         <subfield code="0">places/3904640</subfield>
      </datafield>
      <datafield tag="670" ind1="1" ind2=" ">
         <subfield code="a">RatliffD 2017</subfield>
         <subfield code="u">https://www.eeme.gr/images/stories/documents/dkoniari/Bazmadelis_2017_DirE_book.pdf</subfield>
         <subfield code="0">publications/41002158</subfield>
      </datafield>
      <datafield tag="670" ind1="1" ind2=" ">
         <subfield code="a">Kokkinēs 1970</subfield>
         <subfield code="0">publications/50006983</subfield>
      </datafield>
      <datafield tag="670" ind1="1" ind2=" ">
         <subfield code="a">Cultural Societies 1966</subfield>
         <subfield code="0">publications/50006984</subfield>
      </datafield>
      <datafield tag="670" ind1="1" ind2=" ">
         <subfield code="a">Cultural Societies 1975</subfield>
         <subfield code="0">publications/50006985</subfield>
      </datafield>
      <datafield tag="678" ind1="1" ind2=" ">
         <subfield code="a">Est in 1932, the collection covers all fields of knowledge. There are rare books (incuding incunabula), many of which were acquired with the purchase (in 1949 and 1952) of the private libraries of Alexandros Leukaditēs and Diogenous Dellēs. Music in genral collection. There are two music MSS (heirmologia), catalogued by Mastrodēmētrēs. He has dated one as before 1815 and the other after 1815. Open to the public daily except Sunday.</subfield>
      </datafield>
      <datafield tag="856" ind1="1" ind2=" ">
         <subfield code="u">http://www.lib.thessaloniki.gr/</subfield>
         <subfield code="z">on line catalog</subfield>
      </datafield>
   </record>