
   <record>
      <leader>00000nz  a2200000nc 4500</leader>
      <controlfield tag="001">institutions/30006005</controlfield>
      <controlfield tag="003">DE-633</controlfield>
      <controlfield tag="005">20250620052044.0</controlfield>
      <controlfield tag="008">161109||||z|||a|||||||||||||||||n||||||d</controlfield>
      <datafield tag="024" ind1="7" ind2=" ">
         <subfield code="a">GR-THko</subfield>
         <subfield code="q">siglum</subfield>
         <subfield code="2">rism</subfield>
      </datafield>
      <datafield tag="034" ind1="1" ind2=" ">
         <subfield code="d">22.937659</subfield>
         <subfield code="f">40.637708</subfield>
      </datafield>
      <datafield tag="040" ind1=" " ind2=" ">
         <subfield code="a">DE-633</subfield>
         <subfield code="c">DE-633</subfield>
         <subfield code="e">rismg</subfield>
      </datafield>
      <datafield tag="043" ind1=" " ind2=" ">
         <subfield code="c">XA-GR</subfield>
      </datafield>
      <datafield tag="110" ind1="1" ind2=" ">
         <subfield code="a">Kratiko Ōdeio Thessalonikēs, Vivliothēkē</subfield>
         <subfield code="c">Thessaloniki</subfield>
         <subfield code="g">GR-THko</subfield>
      </datafield>
      <datafield tag="368" ind1=" " ind2=" ">
         <subfield code="a">Library</subfield>
      </datafield>
      <datafield tag="368" ind1=" " ind2=" ">
         <subfield code="a">Institution</subfield>
      </datafield>
      <datafield tag="371" ind1=" " ind2=" ">
         <subfield code="a">Fragkōn 15 and Leōntos Sophou</subfield>
         <subfield code="b">Thessaloniki</subfield>
         <subfield code="c">Thessaloniki</subfield>
         <subfield code="d">Greece</subfield>
         <subfield code="e">54625</subfield>
         <subfield code="m">libraryodiokrat@yahoo.gr</subfield>
         <subfield code="u">www.odiokrat.gr/library</subfield>
      </datafield>
      <datafield tag="371" ind1=" " ind2=" ">
         <subfield code="a">Φράγκων 15 και Λέοντος Σοφού</subfield>
         <subfield code="b">Θεσσαλονίκη</subfield>
         <subfield code="c">Θεσσαλονίκη</subfield>
         <subfield code="d">Ελλάδα</subfield>
         <subfield code="e">54625</subfield>
         <subfield code="m">libraryodiokrat@yahoo.gr</subfield>
         <subfield code="u">www.odiokrat.gr/library</subfield>
      </datafield>
      <datafield tag="410" ind1=" " ind2=" ">
         <subfield code="a">Ωδείο Θεσσαλονίκης</subfield>
      </datafield>
      <datafield tag="510" ind1="2" ind2=" ">
         <subfield code="a">Κρατικό Ωδείο Θεσσαλονίκης, Βιβλιοθήκη</subfield>
      </datafield>
      <datafield tag="510" ind1="2" ind2=" ">
         <subfield code="a">State Conservatory of Thessaloniki, Library</subfield>
      </datafield>
      <datafield tag="551" ind1="1" ind2=" ">
         <subfield code="a">Thessaloniki</subfield>
         <subfield code="0">places/3904640</subfield>
      </datafield>
      <datafield tag="670" ind1="1" ind2=" ">
         <subfield code="a">OdeionThessalonikis</subfield>
         <subfield code="0">publications/41002194</subfield>
      </datafield>
      <datafield tag="670" ind1="1" ind2=" ">
         <subfield code="a">RatliffD 2017</subfield>
         <subfield code="u">https://www.eeme.gr/images/stories/documents/dkoniari/Bazmadelis_2017_DirE_book.pdf</subfield>
         <subfield code="0">publications/41002158</subfield>
      </datafield>
      <datafield tag="670" ind1="1" ind2=" ">
         <subfield code="a">LeontiephT 1991</subfield>
         <subfield code="0">publications/41002202</subfield>
      </datafield>
      <datafield tag="670" ind1="1" ind2=" ">
         <subfield code="a">AnagnōstopoulouT</subfield>
         <subfield code="0">publications/41002196</subfield>
      </datafield>
      <datafield tag="678" ind1="1" ind2=" ">
         <subfield code="a">Founded in 1915 is the first music library opened to the public, in Greece. Holds important music collections of rare books, archives, programmes, photographs  and manuscripts of composers and artists, as well as paper clipping and other ephemera associated with the city’s musical life. Manuscripts of Emile Riadis, Denis Visvardis, Loris Margaritis, Alexandre Kazantzi, Kostas Nikitas and many others,  are kept in the library as well as an original manuscript of Manolis Kalomoiris. Besides the music collections of books and manuscripts, Library holds an impostant historic archive dating from 1914 to our days, as well as a remarkable collection of music instruments (folk and western).</subfield>
      </datafield>
      <datafield tag="856" ind1="1" ind2=" ">
         <subfield code="u">http://odiokrat.odiokrat.gr/web/menu/catalog, http://odiokrat.odiokrat.gr/web/menu/library/archive</subfield>
      </datafield>
   </record>