
   <record>
      <leader>00000nz  a2200000nc 4500</leader>
      <controlfield tag="001">institutions/51004143</controlfield>
      <controlfield tag="003">DE-633</controlfield>
      <controlfield tag="005">20250620052254.0</controlfield>
      <controlfield tag="008">200716||||z|||a|||||||||||||||||n||||||d</controlfield>
      <datafield tag="024" ind1="7" ind2=" ">
         <subfield code="a">GR-THmv</subfield>
         <subfield code="q">siglum</subfield>
         <subfield code="2">rism</subfield>
      </datafield>
      <datafield tag="034" ind1="1" ind2=" ">
         <subfield code="d">22.954491</subfield>
         <subfield code="f">40.641811</subfield>
      </datafield>
      <datafield tag="040" ind1=" " ind2=" ">
         <subfield code="a">DE-633</subfield>
         <subfield code="c">DE-633</subfield>
         <subfield code="e">rismg</subfield>
      </datafield>
      <datafield tag="043" ind1=" " ind2=" ">
         <subfield code="c">XA-GR</subfield>
      </datafield>
      <datafield tag="110" ind1="1" ind2=" ">
         <subfield code="a">Hiera Patriarchikē kai Stavropēgiakē Monē tōn Vlatadōn</subfield>
         <subfield code="c">Thessalonikē</subfield>
         <subfield code="g">GR-THmv</subfield>
      </datafield>
      <datafield tag="368" ind1=" " ind2=" ">
         <subfield code="a">Other</subfield>
         <subfield code="b">Ecumenical Patriarchate of Constantinople</subfield>
      </datafield>
      <datafield tag="370" ind1=" " ind2=" ">
         <subfield code="c">Greece</subfield>
         <subfield code="e">Thessaloniki</subfield>
         <subfield code="f">Istanbul, Constantinople</subfield>
      </datafield>
      <datafield tag="371" ind1=" " ind2=" ">
         <subfield code="a">Eptapirgiou 64</subfield>
         <subfield code="b">Thessaloniki</subfield>
         <subfield code="c">Thessaloniki</subfield>
         <subfield code="d">Greece</subfield>
         <subfield code="e">546 34</subfield>
      </datafield>
      <datafield tag="410" ind1=" " ind2=" ">
         <subfield code="a">Vlatadon Monastery</subfield>
      </datafield>
      <datafield tag="410" ind1=" " ind2=" ">
         <subfield code="a">Μονή των Βλατάδων</subfield>
      </datafield>
      <datafield tag="510" ind1="2" ind2=" ">
         <subfield code="a">Ιερά Πατριαρχική και Σταυροπηγιακή Μονή των Βλατάδων</subfield>
      </datafield>
      <datafield tag="510" ind1="2" ind2=" ">
         <subfield code="a">Holy Patriarchal and Stavropegiac Monastery of Vlatades</subfield>
      </datafield>
      <datafield tag="670" ind1="1" ind2=" ">
         <subfield code="a">RatliffD 2017</subfield>
         <subfield code="u">https://www.eeme.gr/images/stories/documents/dkoniari/Bazmadelis_2017_DirE_book.pdf</subfield>
         <subfield code="0">publications/41002158</subfield>
      </datafield>
      <datafield tag="670" ind1="1" ind2=" ">
         <subfield code="a">RichardR 1958</subfield>
         <subfield code="u">https://search.lib.auth.gr/Record/66709</subfield>
         <subfield code="0">publications/41002199</subfield>
      </datafield>
      <datafield tag="670" ind1="1" ind2=" ">
         <subfield code="a">RichardR 1995</subfield>
         <subfield code="u">https://search.lib.auth.gr/Record/42281</subfield>
         <subfield code="0">publications/41002200</subfield>
      </datafield>
      <datafield tag="670" ind1="1" ind2=" ">
         <subfield code="a">KokkinēsM 1999</subfield>
         <subfield code="0">publications/50006977</subfield>
      </datafield>
      <datafield tag="678" ind1="1" ind2=" ">
         <subfield code="a">The monastery  was founded somewhere between 1351 to 1371 AD by the empress Anna Palaiologina. It preserves religious and historic relics that include several scripts and manuscripts, codecs and Turkish firmans, imperial golden bulls (imperial golden seals) and patriarchal sigilliums. A huge collection of portable Byzantine religious icons of great historic and artistic value is also kept and preserved within the Vlatadon monastery. The rare books and manuscripts of the monastery, including the musical ones, are kept in the Library of the Patriarchal Institute of Patristic Studies which is located within the courtyard of the monastery</subfield>
      </datafield>
      <datafield tag="680" ind1="1" ind2=" ">
         <subfield code="a">Tsioumē, Chrysanthē. Vlatadon Monastery. Thessaloniki: Institute for Balkan Studies, 1987,</subfield>
      </datafield>
      <datafield tag="680" ind1="1" ind2=" ">
         <subfield code="a">Ιερά  Μονή Βλατάδων. Ιερά Βασιλική και Σταυροπηγιακή Μονή Βλατάδων. [Θεσσαλονίκη]: [Ι. Μονή Βλατάδων], 1999;</subfield>
      </datafield>
      <datafield tag="680" ind1="1" ind2=" ">
         <subfield code="a">Stogioglou, Geōrgios A. Η εν Θεσσαλονίκη πατριαρχική μονή των Βλατάδων. Θεσσαλονίκη: Πατριαρχικόν Ιδρυμα Πατερικών Μελετών, 1971.</subfield>
      </datafield>
      <datafield tag="680" ind1="1" ind2=" ">
         <subfield code="a">Ιερά Μονή Βλατάδων (Θεσσαλονίκη, Ελλάδα). Σκευοφυλάκιο Ιεράς Μονής Βλατάδων. Θεσσαλονίκη: Υπουργείο Πολιτισμού, 9η Εφορεία Βυζαντινών Αρχαιοτήτων, 1994,</subfield>
      </datafield>
      <datafield tag="680" ind1="1" ind2=" ">
         <subfield code="a">Παναγιωτίδης. Π. "Η Έρευνα της Βυζαντινής Μουσικής Μέσα Από τα Αρχεία Στον Ελλαδικό Χώρο", 3ο Συνέδριο των Ελληνικών Μουσικών Βιβλιοθηκών και Αρχείων. Θεσσαλονίκη 10-11 Μαΐου 2019.</subfield>
      </datafield>
      <datafield tag="710" ind1="1" ind2=" ">
         <subfield code="a">Patriarchikó Ηιdryma Paterikōn Meletōn, Vivliothēkē</subfield>
         <subfield code="0">institutions/30006003</subfield>
      </datafield>
      <datafield tag="856" ind1="1" ind2=" ">
         <subfield code="u">: http://www.ec-patr.org/patrdisplay.php?lang=gr&amp;id=8</subfield>
      </datafield>
      <datafield tag="856" ind1="1" ind2=" ">
         <subfield code="u">http://iamlgreece.eu/vivliothikes-kai-arxeia-me-mousiko-yliko/</subfield>
         <subfield code="z">Online map of music librarues and collections AMA WG, GR IAML</subfield>
      </datafield>
   </record>