
   <record>
      <leader>00000nz  a2200000nc 4500</leader>
      <controlfield tag="001">institutions/30006003</controlfield>
      <controlfield tag="003">DE-633</controlfield>
      <controlfield tag="005">20250620052044.0</controlfield>
      <controlfield tag="008">161109||||z|||a|||||||||||||||||n||||||d</controlfield>
      <datafield tag="024" ind1="7" ind2=" ">
         <subfield code="a">GR-THpi</subfield>
         <subfield code="q">siglum</subfield>
         <subfield code="2">rism</subfield>
      </datafield>
      <datafield tag="034" ind1="1" ind2=" ">
         <subfield code="d">22.953853</subfield>
         <subfield code="f">40.641546</subfield>
      </datafield>
      <datafield tag="040" ind1=" " ind2=" ">
         <subfield code="a">DE-633</subfield>
         <subfield code="c">DE-633</subfield>
         <subfield code="e">rismg</subfield>
      </datafield>
      <datafield tag="043" ind1=" " ind2=" ">
         <subfield code="c">XA-GR</subfield>
      </datafield>
      <datafield tag="110" ind1="1" ind2=" ">
         <subfield code="a">Patriarchikó Ηιdryma Paterikōn Meletōn, Vivliothēkē</subfield>
         <subfield code="c">Thessaloniki</subfield>
         <subfield code="g">GR-THpi</subfield>
      </datafield>
      <datafield tag="368" ind1=" " ind2=" ">
         <subfield code="a">Library</subfield>
      </datafield>
      <datafield tag="368" ind1=" " ind2=" ">
         <subfield code="a">Research institute</subfield>
      </datafield>
      <datafield tag="368" ind1=" " ind2=" ">
         <subfield code="a">Institution</subfield>
      </datafield>
      <datafield tag="371" ind1=" " ind2=" ">
         <subfield code="a">Holy, Royal, Patriarchal and Stavropegic Monastery of the Vlatades, Eptapyrgiou 64</subfield>
         <subfield code="b">Thessaloniki</subfield>
         <subfield code="c">Thessaloniki</subfield>
         <subfield code="d">Greece</subfield>
         <subfield code="e">54634</subfield>
         <subfield code="m">library@pipm.gr, manuscript@pipm.gr</subfield>
         <subfield code="u">http://www.pipm.gr/en</subfield>
      </datafield>
      <datafield tag="510" ind1="2" ind2=" ">
         <subfield code="a">Πατριαρχικό Ίδρυμα Πατερικών Μελετών, Βιβλιοθήκη</subfield>
      </datafield>
      <datafield tag="510" ind1="2" ind2=" ">
         <subfield code="a">Patriarcal Institute of Patristic Studies, Library</subfield>
      </datafield>
      <datafield tag="551" ind1="1" ind2=" ">
         <subfield code="a">Thessaloniki</subfield>
         <subfield code="0">places/3904640</subfield>
      </datafield>
      <datafield tag="670" ind1="1" ind2=" ">
         <subfield code="a">RatliffD 2017</subfield>
         <subfield code="u">https://www.eeme.gr/images/stories/documents/dkoniari/Bazmadelis_2017_DirE_book.pdf</subfield>
         <subfield code="0">publications/41002158</subfield>
      </datafield>
      <datafield tag="670" ind1="1" ind2=" ">
         <subfield code="a">RichardR 1958</subfield>
         <subfield code="u">https://search.lib.auth.gr/Record/66709</subfield>
         <subfield code="0">publications/41002199</subfield>
      </datafield>
      <datafield tag="670" ind1="1" ind2=" ">
         <subfield code="a">RichardR 1995</subfield>
         <subfield code="u">https://search.lib.auth.gr/Record/42281</subfield>
         <subfield code="0">publications/41002200</subfield>
      </datafield>
      <datafield tag="678" ind1="1" ind2=" ">
         <subfield code="a">The Institute holds two unique collections. The archive of manuscripts in microfilm copies from the Libraries of the Mount Athos Monasteries and the archive of slide copies of illustrated manuscripts of Mount Athos Monasteries, among them many music mss.  Digitised manuscripts from the Skete of Kafsokalyvia in Mount Athos,  Digital copies of the archives of the Monastery of Saint Anastasia in Thessaloniki area and of the Monastery of Saint Ignatius (Leimōnos) in Lesvos are also kept in the Archive.The Library numbers more than 50.000 vols with emphasis on theological field. 400 early books. Books on Byzantine Music in general collection. The Institute is active in publications related to the subject of research. In Byzantine music in particular,  has so far published seven monographs, in the series "Ψαλτικά Βλατάδων" (Psaltika Vlatadon).</subfield>
      </datafield>
      <datafield tag="680" ind1="1" ind2=" ">
         <subfield code="a">Παναγιωτίδης. Π. "Η Έρευνα της Βυζαντινής Μουσικής Μέσα Από τα Αρχεία Στον Ελλαδικό Χώρο", 3ο Συνέδριο των Ελληνικών Μουσικών Βιβλιοθηκών και Αρχείων. Θεσσαλονίκη 10-11 Μαΐου 2019.</subfield>
      </datafield>
      <datafield tag="710" ind1="1" ind2=" ">
         <subfield code="a">Hiera Patriarchikē kai Stavropēgiakē Monē tōn Vlatadōn</subfield>
         <subfield code="0">institutions/51004143</subfield>
      </datafield>
      <datafield tag="856" ind1="1" ind2=" ">
         <subfield code="u">http://iamlgreece.eu/vivliothikes-kai-arxeia-me-mousiko-yliko/</subfield>
         <subfield code="z">Online map with music collections in Greece. AMA Project group of the Greek Branch of IAML</subfield>
      </datafield>
   </record>