
   <record>
      <leader>00000nz  a2200000nc 4500</leader>
      <controlfield tag="001">institutions/51000242</controlfield>
      <controlfield tag="003">DE-633</controlfield>
      <controlfield tag="005">20250620052235.0</controlfield>
      <controlfield tag="008">170403||||z|||a|||||||||||||||||n||||||d</controlfield>
      <datafield tag="024" ind1="7" ind2=" ">
         <subfield code="a">132159032518201180358</subfield>
         <subfield code="2">VIAF</subfield>
      </datafield>
      <datafield tag="024" ind1="7" ind2=" ">
         <subfield code="a">GR-VROm</subfield>
         <subfield code="q">siglum</subfield>
         <subfield code="2">rism</subfield>
      </datafield>
      <datafield tag="034" ind1="1" ind2=" ">
         <subfield code="d">26.14089</subfield>
         <subfield code="f">38.42964</subfield>
      </datafield>
      <datafield tag="040" ind1=" " ind2=" ">
         <subfield code="a">DE-633</subfield>
         <subfield code="c">DE-633</subfield>
         <subfield code="e">rismg</subfield>
      </datafield>
      <datafield tag="043" ind1=" " ind2=" ">
         <subfield code="c">XA-GR</subfield>
      </datafield>
      <datafield tag="110" ind1="1" ind2=" ">
         <subfield code="a">Monē Myrsynidiou</subfield>
         <subfield code="c">Vrontados</subfield>
         <subfield code="g">GR-VROm</subfield>
      </datafield>
      <datafield tag="368" ind1=" " ind2=" ">
         <subfield code="a">Other</subfield>
         <subfield code="a">Other</subfield>
         <subfield code="b">Diocese of Chios</subfield>
      </datafield>
      <datafield tag="370" ind1=" " ind2=" ">
         <subfield code="c">Greece</subfield>
         <subfield code="e">Chios</subfield>
      </datafield>
      <datafield tag="371" ind1=" " ind2=" ">
         <subfield code="b">Vrontados</subfield>
         <subfield code="c">Island of Chios</subfield>
         <subfield code="d">Greece</subfield>
         <subfield code="e">82150</subfield>
         <subfield code="z">tel: +30 / 2271092780</subfield>
         <subfield code="z">4 km N of Vrontados</subfield>
      </datafield>
      <datafield tag="371" ind1=" " ind2=" ">
         <subfield code="b">Vrontados</subfield>
         <subfield code="c">Chios</subfield>
         <subfield code="c">Kardamyla</subfield>
         <subfield code="d">Greece</subfield>
         <subfield code="e">82200</subfield>
      </datafield>
      <datafield tag="510" ind1="2" ind2=" ">
         <subfield code="a">Μονή Μυρσινιδίου</subfield>
      </datafield>
      <datafield tag="510" ind1="2" ind2=" ">
         <subfield code="a">Monastery of the Myrtles</subfield>
      </datafield>
      <datafield tag="551" ind1="1" ind2=" ">
         <subfield code="a">Vrontados</subfield>
         <subfield code="0">places/4000022</subfield>
      </datafield>
      <datafield tag="670" ind1="1" ind2=" ">
         <subfield code="a">RatliffD 2017</subfield>
         <subfield code="u">https://www.eeme.gr/images/stories/documents/dkoniari/Bazmadelis_2017_DirE_book.pdf</subfield>
         <subfield code="0">publications/41002158</subfield>
      </datafield>
      <datafield tag="670" ind1="1" ind2=" ">
         <subfield code="a">RichardR 1958</subfield>
         <subfield code="u">https://search.lib.auth.gr/Record/66709</subfield>
         <subfield code="0">publications/41002199</subfield>
      </datafield>
      <datafield tag="670" ind1="1" ind2=" ">
         <subfield code="a">KokkinēsM 1999</subfield>
         <subfield code="0">publications/50006977</subfield>
      </datafield>
      <datafield tag="678" ind1="1" ind2=" ">
         <subfield code="a">Η Μονή Μυρσινιδίου είναι ανδρικό ορθόδοξο μοναστήρι στη Χίο. Εκκλησιαστικώς ανήκει στη μητρόπολη Χίου, Ψαρών και Οινουσσών. Ιδρύθηκε το 1887 από τον ιερομόναχο Χριστοφόρο Σερέμελη, ο οποίος φύλαξε εκεί την Εικόνα της Παναγίας που βρήκε κοντά στη θάλασσα. Σύμφωνα με τον Richard Marcel, η Βιβλιοθήκη φυλάσσει μερικά μουσικά χειρόγραφα.</subfield>
      </datafield>
      <datafield tag="678" ind1="1" ind2=" ">
         <subfield code="a">Moni Myrsinidiou (Myrsinidi Monastery) was founded by monk Christoforos Seremelis (1897). It is dedicated to Panagia Myrtidiotissa (Virgin of the Myrtles), after the miraculous icon, which the monk found in the sea that the monastery overlooks. The monastery celebrates on September 24 when crowds of worshippers come to honour Her Grace. According to Marcel Richard "... le monastaire posse derait quelques autres MSS, surtout musicaux"</subfield>
      </datafield>
      <datafield tag="680" ind1="1" ind2=" ">
         <subfield code="a">Hegumen Archimandrite is Fr Nektarios Epitropakis.</subfield>
      </datafield>
   </record>
</collection>
